@article{helbing1995social,
	title = {Social force model for pedestrian dynamics},
	author = {Helbing, Dirk and Moln\'ar, P\'eter},
	journal = {Phys. Rev. E},
	volume = {51},
	issue = {5},
	pages = {4282--4286},
	numpages = {0},
	year = {1995},
	month = {May},
	publisher = {American Physical Society},
	doi = {10.1103/PhysRevE.51.4282},
	url = {https://link.aps.org/doi/10.1103/PhysRevE.51.4282}
}

@INPROCEEDINGS{yamaguchi2011you,
	author={Yamaguchi, Kota and Berg, Alexander C. and Ortiz, Luis E. and Berg, Tamara L.},
	booktitle={CVPR 2011}, 
	title={Who are you with and where are you going?}, 
	year={2011},
	volume={},
	number={},
	pages={1345-1352},
	doi={10.1109/CVPR.2011.5995468}}


@ARTICLE{koppula2015anticipating,
	author={Koppula, Hema S. and Saxena, Ashutosh},
	journal={IEEE Transactions on Pattern Analysis and Machine Intelligence}, 
	title={Anticipating Human Activities Using Object Affordances for Reactive Robotic Response}, 
	year={2016},
	volume={38},
	number={1},
	pages={14-29},
	doi={10.1109/TPAMI.2015.2430335}}