@inproceedings{cui2021learning,
	title        = {{Learning World Transition Model for Socially Aware Robot Navigation}},
	author       = {Cui, Yuxiang and Zhang, Haodong and Wang, Yue and Xiong, Rong},
	year         = {2021},
	booktitle    = {{2021 IEEE International Conference on Robotics and Automation (ICRA)}},
	volume       = {},
	number       = {},
	pages        = {9262--9268},
	doi          = {10.1109/ICRA48506.2021.9561973},
	publisher    = {IEEE Computer Society},
	address      = {Los Alamitos, CA, USA},
	location     = {Xi'an, China}
}

@inproceedings{kiss2021probabilistic,
	title        = {{Probabilistic Dynamic Crowd Prediction for Social Navigation}},
	author       = {Kiss, Stefan H. and Katuwandeniya, Kavindie and Alempijevic, Alen and Vidal-Calleja, Teresa},
	year         = {2021},
	booktitle    = {{2021 IEEE International Conference on Robotics and Automation (ICRA)}},
	volume       = {},
	number       = {},
	pages        = {9269--9275},
	doi          = {10.1109/ICRA48506.2021.9561053},
	numpages     = {7},
	publisher    = {IEEE Computer Society},
	address      = {Los Alamitos, CA, USA},
	location     = {Xi'an, China}
}

@INPROCEEDINGS{everett2018motion,
	author={Everett, Michael and Chen, Yu Fan and How, Jonathan P.},
	booktitle={2018 IEEE/RSJ International Conference on Intelligent Robots and Systems (IROS)}, 
	title={Motion Planning Among Dynamic, Decision-Making Agents with Deep Reinforcement Learning}, 
	year={2018},
	volume={},
	number={},
	pages={3052-3059},
	doi={10.1109/IROS.2018.8593871}
}

@INPROCEEDINGS{long2018towards,
	author={Long, Pinxin and Fan, Tingxiang and Liao, Xinyi and Liu, Wenxi and Zhang, Hao and Pan, Jia},
	booktitle={2018 IEEE International Conference on Robotics and Automation (ICRA)}, 
	title={Towards Optimally Decentralized Multi-Robot Collision Avoidance via Deep Reinforcement Learning}, 
	year={2018},
	volume={},
	number={},
	pages={6252-6259},
	doi={10.1109/ICRA.2018.8461113}
}

@INPROCEEDINGS{chen2017decentralized,
	author={Chen, Yu Fan and Liu, Miao and Everett, Michael and How, Jonathan P.},
	booktitle={2017 IEEE International Conference on Robotics and Automation (ICRA)}, 
	title={Decentralized non-communicating multiagent collision avoidance with deep reinforcement learning},
	year={2017},
	volume={},
	number={},
	pages={285-292},
	doi={10.1109/ICRA.2017.7989037}
}

@INPROCEEDINGS{chen2017socially,
	author={Chen, Yu Fan and Everett, Michael and Liu, Miao and How, Jonathan P.},
	booktitle={2017 IEEE/RSJ International Conference on Intelligent Robots and Systems (IROS)}, 
	title={Socially aware motion planning with deep reinforcement learning}, 
	year={2017},
	volume={},
	number={},
	pages={1343-1350},
	doi={10.1109/IROS.2017.8202312}
}

@INPROCEEDINGS{vasquez2014inverse,
	author={Vasquez, Dizan and Okal, Billy and Arras, Kai O.},
	booktitle={2014 IEEE/RSJ International Conference on Intelligent Robots and Systems}, 
	title={Inverse Reinforcement Learning algorithms and features for robot navigation in crowds: An experimental comparison}, 
	year={2014},
	volume={},
	number={},
	pages={1341-1346},
	keywords={Navigation;Vectors;Robots;Tin;Silicon;Vehicles;Airports},
	doi={10.1109/IROS.2014.6942731}
}

@INPROCEEDINGS{okal2016learning,
	author={Okal, Billy and Arras, Kai O.},
	booktitle={2016 IEEE International Conference on Robotics and Automation (ICRA)}, 
	title={Learning socially normative robot navigation behaviors with Bayesian inverse reinforcement learning}, 
	year={2016},
	volume={},
	number={},
	pages={2889-2895},
	keywords={Navigation;Trajectory;Mobile robots;Bayes methods;Learning (artificial intelligence);Measurement},
	doi={10.1109/ICRA.2016.7487452}
}

@article{kretzschmar2016socially,
	author = {Henrik Kretzschmar and Markus Spies and Christoph Sprunk and Wolfram Burgard},
	title ={Socially compliant mobile robot navigation via inverse reinforcement learning},
	journal = {The International Journal of Robotics Research},
	volume = {35},
	number = {11},
	pages = {1289-1307},
	year = {2016},
	doi = {10.1177/0278364915619772},
	URL = {https://doi.org/10.1177/0278364915619772},
	eprint = {https://doi.org/10.1177/0278364915619772},
}

@article{xu2021tra2tra,
	title        = {{Tra2Tra: Trajectory-to-Trajectory Prediction With a Global Social Spatial-Temporal Attentive Neural Network}},
	author       = {Xu, Yi and Ren, Dongchun and Li, Mingxia and Chen, Yuehai and Fan, Mingyu and Xia, Huaxia},
	year         = {2021},
	journal      = {IEEE Robotics and Automation Letters},
	volume       = {6},
	number       = {2},
	pages        = {1574--1581},
	doi          = {10.1109/LRA.2021.3057326},
	publisher    = {IEEE Computer Society},
	address      = {Los Alamitos, CA, USA}
}

@INPROCEEDINGS {ivanovic2019trajectron,
	author = {B. Ivanovic and M. Pavone},
	booktitle = {2019 IEEE/CVF International Conference on Computer Vision (ICCV)},
	title = {The Trajectron: Probabilistic Multi-Agent Trajectory Modeling With Dynamic Spatiotemporal Graphs},
	year = {2019},
	volume = {},
	issn = {},
	pages = {2375-2384},
	doi = {10.1109/ICCV.2019.00246},
	url = {https://doi.ieeecomputersociety.org/10.1109/ICCV.2019.00246},
	publisher = {IEEE Computer Society},
	address = {Los Alamitos, CA, USA},
	month = {nov}
}

@inproceedings{robicquet2016learning,
	title        = {{Learning Social Etiquette: Human Trajectory Understanding In Crowded Scenes}},
	author       = {Robicquet, Alexandre and Sadeghian, Amir and Alahi, Alexandre and Savarese, Silvio},
	year         = {2016},
	booktitle    = {{Computer Vision -- ECCV 2016}},
	publisher    = {Springer International Publishing},
	address      = {Cham},
	doi	     = {10.1007/978-3-319-46484-8_33},
	pages        = {549--565},
	isbn         = {978-3-319-46484-8},
	editor       = {Leibe, Bastian and Matas, Jiri and Sebe, Nicu and Welling, Max},
}

@inproceedings{salzmann2020trajectron++,
	title        = {{Trajectron++: Dynamically-Feasible Trajectory Forecasting with Heterogeneous Data}},
	author       = {Salzmann, Tim and Ivanovic, Boris and Chakravarty, Punarjay and Pavone, Marco},
	year         = {2020},
	doi	     = {10.1007/978-3-030-58523-5_40},
	booktitle    = {{Computer Vision -- ECCV 2020}},
	publisher    = {Springer International Publishing},
	address      = {Cham},
	pages        = {683--700},
	isbn         = {978-3-030-58523-5},
	editor       = {Vedaldi, Andrea and Bischof, Horst and Brox, Thomas and Frahm, Jan-Michael},
}

@InProceedings{lee2017desire,
	author = {Lee, Namhoon and Choi, Wongun and Vernaza, Paul and Choy, Christopher B. and Torr, Philip H. S. and Chandraker, Manmohan},
	title = {DESIRE: Distant Future Prediction in Dynamic Scenes With Interacting Agents},
	booktitle = {Proceedings of the IEEE Conference on Computer Vision and Pattern Recognition (CVPR)},
	month = {July},
	year = {2017}
} 

@inproceedings{narayanan2023ewarenet,
	title        = {{EWareNet: Emotion-Aware Pedestrian Intent Prediction and Adaptive Spatial Profile Fusion for Social Robot Navigation}},
	author       = {Narayanan, Venkatraman and Manoghar, Bala Murali and RV, Rama Prashanth and Bera, Aniket},
	year         = {2023},
	booktitle    = {{2023 IEEE International Conference on Robotics and Automation (ICRA)}},
	volume       = {},
	number       = {},
	pages        = {7569--7575},
	doi          = {10.1109/ICRA48891.2023.10161504},
	publisher    = {IEEE Computer Society},
	address      = {Los Alamitos, CA, USA},
	location     = {London, United Kingdom}
}

@inproceedings{tsai2020generative,
	title        = {{A Generative Approach for Socially Compliant Navigation}},
	author       = {Tsai, Chieh-En and Oh, Jean},
	year         = {2020},
	booktitle    = {{2020 IEEE International Conference on Robotics and Automation (ICRA)}},
	volume       = {},
	number       = {},
	pages        = {2160--2166},
	doi          = {10.1109/ICRA40945.2020.9197497},
	publisher    = {IEEE Computer Society},
	address      = {Los Alamitos, CA, USA},
	location      = {Paris, France}
}

@inproceedings{messaoud2021trajectory,
	title        = {{Trajectory Prediction for Autonomous Driving based on Multi-Head Attention with Joint Agent-Map Representation}},
	author       = {Messaoud, Kaouther and Deo, Nachiket and Trivedi, Mohan M. and Nashashibi, Fawzi},
	year         = {2021},
	booktitle    = {{2021 IEEE Intelligent Vehicles Symposium (IV)}},
	volume       = {},
	number       = {},
	pages        = {165--170},
	doi          = {10.1109/IV48863.2021.9576054},
	publisher    = {IEEE Computer Society},
	address      = {Los Alamitos, CA, USA},
	location     = {Nagoya, Japan}
}









