@article{fu2020trembr,
	title        = {{Trembr: Exploring Road Networks for Trajectory Representation Learning}},
	author       = {Fu, Tao-Yang and Lee, Wang-Chien},
	year         = {2020},
	month        = {feb},
	journal      = {ACM Trans. Intell. Syst. Technol.},
	publisher    = {Association for Computing Machinery},
	address      = {New York, NY, USA},
	volume       = {11},
	number       = {1},
	doi          = {10.1145/3361741},
	issn         = {2157-6904},
	url          = {https://doi.org/10.1145/3361741},
	issue_date   = {February 2020},
	articleno    = {10},
	numpages     = {25},
}

@inproceedings{co2018self,
	title        = {{Self-Consistent Trajectory Autoencoder: Hierarchical Reinforcement Learning with Trajectory Embeddings}},
	author       = {Co-Reyes, John and Liu, YuXuan and Gupta, Abhishek and Eysenbach, Benjamin and Abbeel, Pieter and Levine, Sergey},
	year         = {2018},
	month        = {10--15 Jul},
	booktitle    = {{Proceedings of the 35th International Conference on Machine Learning}},
	publisher    = {PMLR},
	series       = {Proceedings of Machine Learning Research},
	volume       = {80},
	pages        = {1009--1018},
	url          = {https://proceedings.mlr.press/v80/co-reyes18a.html},
	editor       = {Dy, Jennifer and Krause, Andreas},
	pdf          = {http://proceedings.mlr.press/v80/co-reyes18a/co-reyes18a.pdf},
}

@misc{lin2022contrastive,
	title        = {{Contrastive Pre-training of Spatial-Temporal Trajectory Embeddings}},
	author       = {Yan Lin and Huaiyu Wan and Shengnan Guo and Youfang Lin},
	year         = {2022},
	eprint       = {2207.14539},
	archiveprefix = {arXiv},
	primaryclass = {cs.CV}
}

@inproceedings{zhang2020trajectory,
	title        = {{Trajectory similarity learning with auxiliary supervision and optimal matching}},
	author       = {ZHANG, Hanyuan and ZHANG, Xingyu and JIANG, Qize and ZHENG, Baihua and SUN, Zhenbang and SUN, Weiwei and WANG, Changhu},
	year         = {2020},
	month        = {11--17 Jul},
	booktitle    = {{Proceedings of the Twenty-Ninth International Joint Conference on Artificial Intelligence,}},
	pages        = {3209--3215},
	publisher    = {Research Collection School Of Information Systems},
	url          = {https://ink.library.smu.edu.sg/sis_research/5276},
}

@inproceedings{jing2022can,
	title        = {{Can Adversarial Training Benefit Trajectory Representation? An Investigation on Robustness for Trajectory Similarity Computation}},
	author       = {Jing, Quanliang and Liu, Shuo and Fan, Xinxin and Li, Jingwei and Yao, Di and Wang, Baoli and Bi, Jingping},
	year         = {2022},
	booktitle    = {{Proceedings of the 31st ACM International Conference on Information \& Knowledge Management}},
	location     = {Atlanta, GA, USA},
	publisher    = {Association for Computing Machinery},
	address      = {New York, NY, USA},
	series       = {CIKM '22},
	pages        = {905–914},
	doi          = {10.1145/3511808.3557250},
	isbn         = {9781450392365},
	url          = {https://doi.org/10.1145/3511808.3557250},
	numpages     = {10},
}

@inproceedings{gao2017identifying,
	title        = {{Identifying Human Mobility via Trajectory Embeddings}},
	author       = {Gao, Qiang and Zhou, Fan and Zhang, Kunpeng and Trajcevski, Goce and Luo, Xucheng and Zhang, Fengli},
	year         = {2017},
	booktitle    = {{Proceedings of the 26th International Joint Conference on Artificial Intelligence}},
	location     = {Melbourne, Australia},
	publisher    = {AAAI Press},
	series       = {IJCAI'17},
	pages        = {1689–1695},
	isbn         = {9780999241103},
	numpages     = {7}
}

@inproceedings{song2018anomalous,
	title        = {{Anomalous Trajectory Detection Using Recurrent Neural Network}},
	author       = {Song, Li and Wang, Ruijia and Xiao, Ding and Han, Xiaotian and Cai, Yanan and Shi, Chuan},
	year         = {2018},
	booktitle    = {{Advanced Data Mining and Applications}},
	publisher    = {Springer International Publishing},
	address      = {Cham},
	pages        = {263--277},
	isbn         = {978-3-030-05090-0},
	editor       = {Gan, Guojun and Li, Bohan and Li, Xue and Wang, Shuliang},
}

@inproceedings{sutskever2014sequence,
	title        = {{Sequence to Sequence Learning with Neural Networks}},
	author       = {Sutskever, Ilya and Vinyals, Oriol and Le, Quoc V},
	year         = {2014},
	booktitle    = {{Advances in Neural Information Processing Systems}},
	publisher    = {Curran Associates, Inc.},
	volume       = {27},
	url          = {https://proceedings.neurips.cc/paper_files/paper/2014/file/a14ac55a4f27472c5d894ec1c3c743d2-Paper.pdf},
	editor       = {Z. Ghahramani and M. Welling and C. Cortes and N. Lawrence and K.Q. Weinberger}
}


@article{may2020marc,
	title        = {{MARC: a robust method for multiple-aspect trajectory classification via space, time, and semantic embeddings}},
	author       = {Lucas May Petry and Camila Leite Da Silva and Andrea Esuli and Chiara Renso and Vania Bogorny},
	year         = {2020},
	journal      = {International Journal of Geographical Information Science},
	publisher    = {Taylor & Francis},
	volume       = {34},
	number       = {7},
	pages        = {1428--1450},
	doi          = {10.1080/13658816.2019.1707835},
	url          = {https://doi.org/10.1080/13658816.2019.1707835},
	eprint       = {https://doi.org/10.1080/13658816.2019.1707835}
}

@article{chen2021embedding,
	title        = {{Embedding-Based Similarity Computation for Massive Vehicle Trajectory Data}},
	author       = {Chen, Yuanyi and Yu, Peng and Chen, Wenwang and Zheng, Zengwei and Guo, Minyi},
	year         = {2022},
	journal      = {IEEE Internet of Things Journal},
	volume       = {9},
	number       = {6},
	pages        = {4650--4660},
	doi          = {10.1109/JIOT.2021.3107327}
}

@article{zhang2021stenet,
	title        = {{STENet: A hybrid spatio-temporal embedding network for human trajectory forecasting}},
	author       = {Bo Zhang and Chengzhi Yuan and Tao Wang and Hongbo Liu},
	year         = {2021},
	journal      = {Engineering Applications of Artificial Intelligence},
	volume       = {106},
	pages        = {104487},
	doi          = {https://doi.org/10.1016/j.engappai.2021.104487},
	issn         = {0952-1976},
	url          = {https://www.sciencedirect.com/science/article/pii/S0952197621003353},
}

@article{ahmed2022deep,
	title        = {{Deep Fuzzy Contrast-Set Deviation Point Representation and Trajectory Detection}},
	author       = {Ahmed, Usman and Lin, Jerry Chun-Wei and Srivastava, Gautam},
	year         = {2023},
	journal      = {IEEE Transactions on Fuzzy Systems},
	volume       = {31},
	number       = {2},
	pages        = {571--581},
	doi          = {10.1109/TFUZZ.2022.3197876}
}

@inproceedings{han2021graph,
	title        = {{A Graph-Based Approach for Trajectory Similarity Computation in Spatial Networks}},
	author       = {Han, Peng and Wang, Jin and Yao, Di and Shang, Shuo and Zhang, Xiangliang},
	year         = {2021},
	booktitle    = {{Proceedings of the 27th ACM SIGKDD Conference on Knowledge Discovery \& Data Mining}},
	location     = {Virtual Event, Singapore},
	publisher    = {Association for Computing Machinery},
	address      = {New York, NY, USA},
	series       = {KDD '21},
	pages        = {556–564},
	doi          = {10.1145/3447548.3467337},
	isbn         = {9781450383325},
	url          = {https://doi.org/10.1145/3447548.3467337},
	numpages     = {9}
}

@inproceedings{yang2021t3s,
	title        = {{T3S: Effective Representation Learning for Trajectory Similarity Computation}},
	author       = {Yang, Peilun and Wang, Hanchen and Zhang, Ying and Qin, Lu and Zhang, Wenjie and Lin, Xuemin},
	year         = {2021},
	booktitle    = {{2021 IEEE 37th International Conference on Data Engineering (ICDE)}},
	volume       = {},
	number       = {},
	pages        = {2183--2188},
	doi          = {10.1109/ICDE51399.2021.00221}
}

@article{zhou2023grlstm,
	title        = {{GRLSTM: Trajectory Similarity Computation with Graph-Based Residual LSTM}},
	author       = {Zhou, Silin and Li, Jing and Wang, Hao and Shang, Shuo and Han, Peng},
	year         = {2023},
	month        = {Jun.},
	journal      = {Proceedings of the AAAI Conference on Artificial Intelligence},
	volume       = {37},
	number       = {4},
	pages        = {4972--4980},
	doi          = {10.1609/aaai.v37i4.25624},
	url          = {https://ojs.aaai.org/index.php/AAAI/article/view/25624}
}

@inproceedings{yao2019computing,
	title        = {{Computing Trajectory Similarity in Linear Time: A Generic Seed-Guided Neural Metric Learning Approach}},
	author       = {Yao, Di and Cong, Gao and Zhang, Chao and Bi, Jingping},
	year         = {2019},
	booktitle    = {{2019 IEEE 35th International Conference on Data Engineering (ICDE)}},
	volume       = {},
	number       = {},
	pages        = {1358--1369},
	doi          = {10.1109/ICDE.2019.00123}
}

@inproceedings{li2018deep,
	title        = {{Deep Representation Learning for Trajectory Similarity Computation}},
	author       = {Li, Xiucheng and Zhao, Kaiqi and Cong, Gao and Jensen, Christian S. and Wei, Wei},
	year         = {2018},
	booktitle    = {{2018 IEEE 34th International Conference on Data Engineering (ICDE)}},
	volume       = {},
	number       = {},
	pages        = {617--628},
	doi          = {10.1109/ICDE.2018.00062}
}

@article{taghizadeh2021meaningful,
	title        = {{How meaningful are similarities in deep trajectory representations?}},
	author       = {Saeed Taghizadeh and Abel Elekes and Martin Schäler and Klemens Böhm},
	year         = {2021},
	journal      = {Information Systems},
	volume       = {98},
	pages        = {101452},
	doi          = {https://doi.org/10.1016/j.is.2019.101452},
	issn         = {0306-4379},
	url          = {https://www.sciencedirect.com/science/article/pii/S0306437919305046},
}

@article{zhou2023spatial,
	title={Spatial-temporal fusion graph framework for trajectory similarity computation},
	author={Zhou, Silin and Han, Peng and Yao, Di and Chen, Lisi and Zhang, Xiangliang},
	journal={World Wide Web},
	volume={26},
	number={4},
	pages={1501--1523},
	year={2023},
	publisher={Springer}
}

@inproceedings{yang2022tmn,
	title        = {{TMN: Trajectory Matching Networks for Predicting Similarity}},
	author       = {Yang, Peilun and Wang, Hanchen and Lian, Defu and Zhang, Ying and Qin, Lu and Zhang, Wenjie},
	year         = {2022},
	booktitle    = {{2022 IEEE 38th International Conference on Data Engineering (ICDE)}},
	volume       = {},
	number       = {},
	pages        = {1700--1713},
	doi          = {10.1109/ICDE53745.2022.00173}
}

@inproceedings{chang2023contrastive,
	title        = {{Contrastive Trajectory Similarity Learning with Dual-Feature Attention}},
	author       = {Chang, Yanchuan and Qi, Jianzhong and Liang, Yuxuan and Tanin, Egemen},
	year         = {2023},
	booktitle    = {{2023 IEEE 39th International Conference on Data Engineering (ICDE)}},
	volume       = {},
	number       = {},
	pages        = {2933--2945},
	doi          = {10.1109/ICDE55515.2023.00224}
}

@inproceedings{ding2022tsne,
	title        = {{TSNE: Trajectory Similarity Network Embedding}},
	author       = {Ding, Jiaxin and Zhang, Bowen and Wang, Xinbing and Zhou, Chenghu},
	year         = {2022},
	booktitle    = {{Proceedings of the 30th International Conference on Advances in Geographic Information Systems}},
	location     = {Seattle, Washington},
	publisher    = {Association for Computing Machinery},
	address      = {New York, NY, USA},
	series       = {SIGSPATIAL '22},
	doi          = {10.1145/3557915.3561022},
	isbn         = {9781450395298},
	url          = {https://doi.org/10.1145/3557915.3561022},
	articleno    = {86},
	numpages     = {4},
}

@article{chen2022towards,
	title={Towards robust trajectory similarity computation: Representation-based spatio-temporal similarity quantification},
	author={Chen, Ziwen and Li, Ke and Zhou, Silin and Chen, Lisi and Shang, Shuo},
	journal={World Wide Web},
	pages={1--24},
	year={2022},
	publisher={Springer}
}

@misc{hu2023spatio,
	title        = {{Spatio-Temporal Trajectory Similarity Measures: A Comprehensive Survey and Quantitative Study}},
	author       = {Danlei Hu and Lu Chen and Hanxi Fang and Ziquan Fang and Tianyi Li and Yunjun Gao},
	year         = {2023},
	eprint       = {2303.05012},
	archiveprefix = {arXiv},
	primaryclass = {cs.DS}
}

@inproceedings{fang2022spatio,
	title        = {{Spatio-Temporal Trajectory Similarity Learning in Road Networks}},
	author       = {Fang, Ziquan and Du, Yuntao and Zhu, Xinjun and Hu, Danlei and Chen, Lu and Gao, Yunjun and Jensen, Christian S.},
	year         = {2022},
	booktitle    = {{Proceedings of the 28th ACM SIGKDD Conference on Knowledge Discovery and Data Mining}},
	location     = {Washington DC, USA},
	publisher    = {Association for Computing Machinery},
	address      = {New York, NY, USA},
	series       = {KDD '22},
	pages        = {347–356},
	doi          = {10.1145/3534678.3539375},
	isbn         = {9781450393850},
	url          = {https://doi.org/10.1145/3534678.3539375},
	numpages     = {10},
}










