@inproceedings{cui2021learning,
	title        = {{Learning World Transition Model for Socially Aware Robot Navigation}},
	author       = {Cui, Yuxiang and Zhang, Haodong and Wang, Yue and Xiong, Rong},
	year         = {2021},
	booktitle    = {{2021 IEEE International Conference on Robotics and Automation (ICRA)}},
	volume       = {},
	number       = {},
	pages        = {9262--9268},
	doi          = {10.1109/ICRA48506.2021.9561973}
}

@inproceedings{kiss2021probabilistic,
	title        = {{Probabilistic Dynamic Crowd Prediction for Social Navigation}},
	author       = {Kiss, Stefan H. and Katuwandeniya, Kavindie and Alempijevic, Alen and Vidal-Calleja, Teresa},
	year         = {2021},
	booktitle    = {{2021 IEEE International Conference on Robotics and Automation (ICRA)}},
	volume       = {},
	number       = {},
	pages        = {9269--9275},
	doi          = {10.1109/ICRA48506.2021.9561053}
}

@article{xu2021tra2tra,
	title        = {{Tra2Tra: Trajectory-to-Trajectory Prediction With a Global Social Spatial-Temporal Attentive Neural Network}},
	author       = {Xu, Yi and Ren, Dongchun and Li, Mingxia and Chen, Yuehai and Fan, Mingyu and Xia, Huaxia},
	year         = {2021},
	journal      = {IEEE Robotics and Automation Letters},
	volume       = {6},
	number       = {2},
	pages        = {1574--1581},
	doi          = {10.1109/LRA.2021.3057326}
}

@inproceedings{robicquet2016learning,
	title        = {{Learning Social Etiquette: Human Trajectory Understanding In Crowded Scenes}},
	author       = {Robicquet, Alexandre and Sadeghian, Amir and Alahi, Alexandre and Savarese, Silvio},
	year         = {2016},
	booktitle    = {{Computer Vision -- ECCV 2016}},
	publisher    = {Springer International Publishing},
	address      = {Cham},
	doi	     = {10.1007/978-3-319-46484-8_33},
	pages        = {549--565},
	isbn         = {978-3-319-46484-8},
	editor       = {Leibe, Bastian and Matas, Jiri and Sebe, Nicu and Welling, Max},
}

@article{zhou2023csr,
	title        = {{CSR: Cascade Conditional Variational Auto Encoder with Socially-aware Regression for Pedestrian Trajectory Prediction}},
	author       = {Hao Zhou and Dongchun Ren and Xu Yang and Mingyu Fan and Hai Huang},
	year         = {2023},
	journal      = {Pattern Recognition},
	volume       = {133},
	pages        = {109030},
	doi          = {https://doi.org/10.1016/j.patcog.2022.109030},
	issn         = {0031-3203},
	url          = {https://www.sciencedirect.com/science/article/pii/S0031320322005106},
}

@inproceedings{gupta2018social,
	title        = {{Social GAN: Socially Acceptable Trajectories With Generative Adversarial Networks}},
	author       = {Gupta, Agrim and Johnson, Justin and Fei-Fei, Li and Savarese, Silvio and Alahi, Alexandre},
	year         = {2018},
	doi 	     = {10.1109/CVPR.2018.00240},
	month        = {June},
	booktitle    = {{Proceedings of the IEEE Conference on Computer Vision and Pattern Recognition (CVPR)}}
}

@inproceedings{salzmann2020trajectron++,
	title        = {{Trajectron++: Dynamically-Feasible Trajectory Forecasting with Heterogeneous Data}},
	author       = {Salzmann, Tim and Ivanovic, Boris and Chakravarty, Punarjay and Pavone, Marco},
	year         = {2020},
	doi	     = {10.1007/978-3-030-58523-5_40},
	booktitle    = {{Computer Vision -- ECCV 2020}},
	publisher    = {Springer International Publishing},
	address      = {Cham},
	pages        = {683--700},
	isbn         = {978-3-030-58523-5},
	editor       = {Vedaldi, Andrea and Bischof, Horst and Brox, Thomas and Frahm, Jan-Michael},
}

@article{peng2023mrgtraj,
	title        = {{MRGTraj: A Novel Non-Autoregressive Approach for Human Trajectory Prediction}},
	author       = {Peng, Yusheng and Zhang, Gaofeng and Shi, Jun and Li, Xiangyu and Zheng, Liping},
	year         = {2023},
	journal      = {IEEE Transactions on Circuits and Systems for Video Technology},
	volume       = {},
	number       = {},
	pages        = {1--1},
	doi          = {10.1109/TCSVT.2023.3307442}
}

@inproceedings{mangalam2020not,
	title        = {{It Is Not the Journey But the Destination: Endpoint Conditioned Trajectory Prediction}},
	author       = {Mangalam, Karttikeya and Girase, Harshayu and Agarwal, Shreyas and Lee, Kuan-Hui and Adeli, Ehsan and Malik, Jitendra and Gaidon, Adrien},
	doi	= {10.1007/978-3-030-58536-5_45},
	year         = {2020},
	booktitle    = {{Computer Vision -- ECCV 2020}},
	publisher    = {Springer International Publishing},
	address      = {Cham},
	pages        = {759--776},
	isbn         = {978-3-030-58536-5},
	editor       = {Vedaldi, Andrea and Bischof, Horst and Brox, Thomas and Frahm, Jan-Michael},
}

@inproceedings{bhujel2019pedestrian,
	title        = {{Pedestrian Trajectory Prediction Using RNN Encoder-Decoder with Spatio-Temporal Attentions}},
	author       = {Bhujel, Niraj and Teoh, Eam Khwang and Yau, Wei-Yun},
	year         = {2019},
	booktitle    = {{2019 IEEE 5th International Conference on Mechatronics System and Robots (ICMSR)}},
	volume       = {},
	number       = {},
	pages        = {110--114},
	doi          = {10.1109/ICMSR.2019.8835478}
}

@inproceedings{navarro2022social,
	title        = {{Social-PatteRNN: Socially-Aware Trajectory Prediction Guided by Motion Patterns}},
	author       = {Navarro, Ingrid and Oh, Jean},
	year         = {2022},
	booktitle    = {{2022 IEEE/RSJ International Conference on Intelligent Robots and Systems (IROS)}},
	volume       = {},
	number       = {},
	pages        = {9859--9864},
	doi          = {10.1109/IROS47612.2022.9981486}
}

@inproceedings{fernando2019gd,
	title        = {{GD-GAN: Generative Adversarial Networks for Trajectory Prediction and Group Detection in Crowds}},
	author       = {Fernando, Tharindu and Denman, Simon and Sridharan, Sridha and Fookes, Clinton},
	doi = {10.1007/978-3-030-20887-5_20},
	year         = {2019},
	booktitle    = {{Computer Vision -- ACCV 2018}},
	publisher    = {Springer International Publishing},
	address      = {Cham},
	pages        = {314--330},
	isbn         = {978-3-030-20887-5},
	editor       = {Jawahar, C. V. and Li, Hongdong and Mori, Greg and Schindler, Konrad},
}

@inproceedings{narayanan2023ewarenet,
	title        = {{EWareNet: Emotion-Aware Pedestrian Intent Prediction and Adaptive Spatial Profile Fusion for Social Robot Navigation}},
	author       = {Narayanan, Venkatraman and Manoghar, Bala Murali and RV, Rama Prashanth and Bera, Aniket},
	year         = {2023},
	booktitle    = {{2023 IEEE International Conference on Robotics and Automation (ICRA)}},
	volume       = {},
	number       = {},
	pages        = {7569--7575},
	doi          = {10.1109/ICRA48891.2023.10161504}
}

@article{fernando2018soft+,
	title        = {{Soft + Hardwired attention: An LSTM framework for human trajectory prediction and abnormal event detection}},
	author       = {Tharindu Fernando and Simon Denman and Sridha Sridharan and Clinton Fookes},
	year         = {2018},
	journal      = {Neural Networks},
	volume       = {108},
	pages        = {466--478},
	doi          = {https://doi.org/10.1016/j.neunet.2018.09.002},
	issn         = {0893-6080},
	url          = {https://www.sciencedirect.com/science/article/pii/S0893608018302648},
}

@article{kothari2021human,
	title        = {{Human Trajectory Forecasting in Crowds: A Deep Learning Perspective}},
	author       = {Kothari, Parth and Kreiss, Sven and Alahi, Alexandre},
	year         = {2022},
	journal      = {IEEE Transactions on Intelligent Transportation Systems},
	volume       = {23},
	number       = {7},
	pages        = {7386--7400},
	doi          = {10.1109/TITS.2021.3069362}
}

@inproceedings{tsai2020generative,
	title        = {{A Generative Approach for Socially Compliant Navigation}},
	author       = {Tsai, Chieh-En and Oh, Jean},
	year         = {2020},
	booktitle    = {{2020 IEEE International Conference on Robotics and Automation (ICRA)}},
	volume       = {},
	number       = {},
	pages        = {2160--2166},
	doi          = {10.1109/ICRA40945.2020.9197497}
}

@inproceedings{messaoud2021trajectory,
	title        = {{Trajectory Prediction for Autonomous Driving based on Multi-Head Attention with Joint Agent-Map Representation}},
	author       = {Messaoud, Kaouther and Deo, Nachiket and Trivedi, Mohan M. and Nashashibi, Fawzi},
	year         = {2021},
	booktitle    = {{2021 IEEE Intelligent Vehicles Symposium (IV)}},
	volume       = {},
	number       = {},
	pages        = {165--170},
	doi          = {10.1109/IV48863.2021.9576054}
}









