@article{carrera2022conduct,
	title = {How-to conduct a systematic literature review: A quick guide for computer science research},
	journal = {MethodsX},
	volume = {9},
	pages = {101895},
	year = {2022},
	issn = {2215-0161},
	doi = {https://doi.org/10.1016/j.mex.2022.101895},
	url = {https://www.sciencedirect.com/science/article/pii/S2215016122002746},
	author = {Angela Carrera-Rivera and William Ochoa and Felix Larrinaga and Ganix Lasa},
}