# SURVEYS
@article{rudenko2020human,
  title={Human motion trajectory prediction: A survey},
  author={Rudenko, Andrey and Palmieri, Luigi and Herman, Michael and Kitani, Kris M and Gavrila, Dariu M and Arras, Kai O},
  journal={The International Journal of Robotics Research},
  volume={39},
  number={8},
  pages={895--935},
  year={2020},
  publisher={Sage Publications Sage UK: London, England}
}

@article{carrera2022conduct,
	title = {How-to conduct a systematic literature review: A quick guide for computer science research},
	journal = {MethodsX},
	volume = {9},
	pages = {101895},
	year = {2022},
	issn = {2215-0161},
	doi = {https://doi.org/10.1016/j.mex.2022.101895},
	url = {https://www.sciencedirect.com/science/article/pii/S2215016122002746},
	author = {Angela Carrera-Rivera and William Ochoa and Felix Larrinaga and Ganix Lasa},
}

@article{mozaffari2020deep,
	title        = {{Deep learning-based vehicle behavior prediction for autonomous driving applications: A review}},
	author       = {Mozaffari, Sajjad and Al-Jarrah, Omar Y and Dianati, Mehrdad and Jennings, Paul and Mouzakitis, Alexandros},
	year         = {2020},
	journal      = {IEEE Transactions on Intelligent Transportation Systems},
	volume       = {23},
	number       = {1},
	pages        = {33-47},
	doi          = {10.1109/TITS.2020.3012034},
	publisher    = {IEEE Computer Society},
	address      = {Los Alamitos, CA, USA}
}

@article{huang2022survey,
	title        = {{A survey on trajectory-prediction methods for autonomous driving}},
	author       = {Huang, Yanjun and Du, Jiatong and Yang, Ziru and Zhou, Zewei and Zhang, Lin and Chen, Hong},
	year         = {2022},
	journal      = {IEEE Transactions on Intelligent Vehicles},
	volume       = {7},
	number       = {3},
	pages        = {652--674},
	doi          = {10.1109/TIV.2022.3167103},
	publisher    = {IEEE Computer Society},
	address      = {Los Alamitos, CA, USA}
}

@article{golchoubian2023pedestrian,
  title={Pedestrian trajectory prediction in pedestrian-vehicle mixed environments: A systematic review},
  author={Golchoubian, Mahsa and Ghafurian, Moojan and Dautenhahn, Kerstin and Azad, Nasser Lashgarian},
  journal={IEEE Transactions on Intelligent Transportation Systems},
  year={2023},
  publisher={IEEE}
}

@article{schuetz2023review,
  title={A Review of Trajectory Prediction Methods for the Vulnerable Road User},
  author={Schuetz, Erik and Flohr, Fabian B},
  journal={Robotics},
  volume={13},
  number={1},
  pages={1},
  year={2023},
  publisher={MDPI}
}

@inproceedings{liu2021survey,
  title={A survey on deep-learning approaches for vehicle trajectory prediction in autonomous driving},
  author={Liu, Jianbang and Mao, Xinyu and Fang, Yuqi and Zhu, Delong and Meng, Max Q-H},
  booktitle={2021 IEEE International Conference on Robotics and Biomimetics (ROBIO)},
  pages={978--985},
  year={2021},
  organization={IEEE}
}


# Datasets and Benchmarks
@inproceedings{robicquet2016learning,
	title        = {{Learning Social Etiquette: Human Trajectory Understanding In Crowded Scenes}},
	author       = {Robicquet, Alexandre and Sadeghian, Amir and Alahi, Alexandre and Savarese, Silvio},
	year         = {2016},
	booktitle    = {{Computer Vision -- ECCV 2016}},
	publisher    = {Springer International Publishing},
	address      = {Cham},
	doi	     = {10.1007/978-3-319-46484-8_33},
	pages        = {549--565},
	isbn         = {978-3-319-46484-8},
	editor       = {Leibe, Bastian and Matas, Jiri and Sebe, Nicu and Welling, Max},
}

@inproceedings{lerner2007crowds,
  title={Crowds by example},
  author={Lerner, Alon and Chrysanthou, Yiorgos and Lischinski, Dani},
  booktitle={Computer graphics forum},
  volume={26},
  number={3},
  pages={655--664},
  year={2007},
  organization={Wiley Online Library}
}

@inproceedings{ettinger2021large,
  title={Large scale interactive motion forecasting for autonomous driving: The waymo open motion dataset},
  author={Ettinger, Scott and Cheng, Shuyang and Caine, Benjamin and Liu, Chenxi and Zhao, Hang and Pradhan, Sabeek and Chai, Yuning and Sapp, Ben and Qi, Charles R and Zhou, Yin and others},
  booktitle={Proceedings of the IEEE/CVF International Conference on Computer Vision},
  pages={9710--9719},
  year={2021}
}

@inproceedings{chang2019argoverse,
  title={Argoverse: 3d tracking and forecasting with rich maps},
  author={Chang, Ming-Fang and Lambert, John and Sangkloy, Patsorn and Singh, Jagjeet and Bak, Slawomir and Hartnett, Andrew and Wang, De and Carr, Peter and Lucey, Simon and Ramanan, Deva and others},
  booktitle={Proceedings of the IEEE/CVF conference on computer vision and pattern recognition},
  pages={8748--8757},
  year={2019}
}

@inproceedings{caesar2020nuscenes,
  title={nuscenes: A multimodal dataset for autonomous driving},
  author={Caesar, Holger and Bankiti, Varun and Lang, Alex H and Vora, Sourabh and Liong, Venice Erin and Xu, Qiang and Krishnan, Anush and Pan, Yu and Baldan, Giancarlo and Beijbom, Oscar},
  booktitle={Proceedings of the IEEE/CVF conference on computer vision and pattern recognition},
  pages={11621--11631},
  year={2020}
}

@inproceedings{krajewski2018highd,
  title={The highd dataset: A drone dataset of naturalistic vehicle trajectories on german highways for validation of highly automated driving systems},
  author={Krajewski, Robert and Bock, Julian and Kloeker, Laurent and Eckstein, Lutz},
  booktitle={2018 21st international conference on intelligent transportation systems (ITSC)},
  pages={2118--2125},
  year={2018},
  organization={IEEE}
}

@inproceedings{bock2020ind,
  title={The ind dataset: A drone dataset of naturalistic road user trajectories at german intersections},
  author={Bock, Julian and Krajewski, Robert and Moers, Tobias and Runde, Steffen and Vater, Lennart and Eckstein, Lutz},
  booktitle={2020 IEEE Intelligent Vehicles Symposium (IV)},
  pages={1929--1934},
  year={2020},
  organization={IEEE}
}

@article{geiger2013vision,
  title={Vision meets robotics: The kitti dataset},
  author={Geiger, Andreas and Lenz, Philip and Stiller, Christoph and Urtasun, Raquel},
  journal={The International Journal of Robotics Research},
  volume={32},
  number={11},
  pages={1231--1237},
  year={2013},
  publisher={Sage Publications Sage UK: London, England}
}



# Social Navigation
# a) Human Models
@article{helbing1995social,
	title = {Social force model for pedestrian dynamics},
	author = {Helbing, Dirk and Moln\'ar, P\'eter},
	journal = {Phys. Rev. E},
	volume = {51},
	issue = {5},
	pages = {4282--4286},
	numpages = {0},
	year = {1995},
	month = {May},
	publisher = {American Physical Society},
	doi = {10.1103/PhysRevE.51.4282},
	url = {https://link.aps.org/doi/10.1103/PhysRevE.51.4282}
}

@INPROCEEDINGS{yamaguchi2011you,
	author={Yamaguchi, Kota and Berg, Alexander C. and Ortiz, Luis E. and Berg, Tamara L.},
	booktitle={CVPR 2011}, 
	title={Who are you with and where are you going?}, 
	year={2011},
	volume={},
	number={},
	pages={1345-1352},
	doi={10.1109/CVPR.2011.5995468}}


@ARTICLE{koppula2015anticipating,
	author={Koppula, Hema S. and Saxena, Ashutosh},
	journal={IEEE Transactions on Pattern Analysis and Machine Intelligence}, 
	title={Anticipating Human Activities Using Object Affordances for Reactive Robotic Response}, 
	year={2016},
	volume={38},
	number={1},
	pages={14-29},
	doi={10.1109/TPAMI.2015.2430335}}

# b) Learning Methods

# c) Pedestrian Prediction
@inproceedings{bhujel2019pedestrian,
	title        = {{Pedestrian Trajectory Prediction Using RNN Encoder-Decoder with Spatio-Temporal Attentions}},
	author       = {Bhujel, Niraj and Teoh, Eam Khwang and Yau, Wei-Yun},
	year         = {2019},
	booktitle    = {{2019 IEEE 5th International Conference on Mechatronics System and Robots (ICMSR)}},
	volume       = {},
	number       = {},
	pages        = {110--114},
	doi          = {10.1109/ICMSR.2019.8835478},
	publisher    = {IEEE Computer Society},
	address      = {Los Alamitos, CA, USA},
	location     = {Singapore}
}


@INPROCEEDINGS {ivanovic2019trajectron,
	author = {B. Ivanovic and M. Pavone},
	booktitle = {2019 IEEE/CVF International Conference on Computer Vision (ICCV)},
	title = {The Trajectron: Probabilistic Multi-Agent Trajectory Modeling With Dynamic Spatiotemporal Graphs},
	year = {2019},
	volume = {},
	issn = {},
	pages = {2375-2384},
	doi = {10.1109/ICCV.2019.00246},
	url = {https://doi.ieeecomputersociety.org/10.1109/ICCV.2019.00246},
	publisher = {IEEE Computer Society},
	address = {Los Alamitos, CA, USA},
	month = {nov}
}

@article{xu2021tra2tra,
	title        = {{Tra2Tra: Trajectory-to-Trajectory Prediction With a Global Social Spatial-Temporal Attentive Neural Network}},
	author       = {Xu, Yi and Ren, Dongchun and Li, Mingxia and Chen, Yuehai and Fan, Mingyu and Xia, Huaxia},
	year         = {2021},
	journal      = {IEEE Robotics and Automation Letters},
	volume       = {6},
	number       = {2},
	pages        = {1574--1581},
	doi          = {10.1109/LRA.2021.3057326},
	publisher    = {IEEE Computer Society},
	address      = {Los Alamitos, CA, USA}
}

@article{kothari2021human,
	title        = {{Human Trajectory Forecasting in Crowds: A Deep Learning Perspective}},
	author       = {Kothari, Parth and Kreiss, Sven and Alahi, Alexandre},
	year         = {2022},
	journal      = {IEEE Transactions on Intelligent Transportation Systems},
	volume       = {23},
	number       = {7},
	pages        = {7386--7400},
	doi          = {10.1109/TITS.2021.3069362},
	publisher    = {IEEE Computer Society},
	address      = {Los Alamitos, CA, USA},
	location     = {Paris, France}
}

@article{peng2023mrgtraj,
	title        = {{MRGTraj: A Novel Non-Autoregressive Approach for Human Trajectory Prediction}},
	author       = {Peng, Yusheng and Zhang, Gaofeng and Shi, Jun and Li, Xiangyu and Zheng, Liping},
	year         = {2023},
	journal      = {IEEE Transactions on Circuits and Systems for Video Technology},
	doi          = {10.1109/TCSVT.2023.3307442},
	volume       = {34},
	number       = {4},
	pages        = {2318-2331},
}

@inproceedings{fernando2019gd,
	title        = {{GD-GAN: Generative Adversarial Networks for Trajectory Prediction and Group Detection in Crowds}},
	author       = {Fernando, Tharindu and Denman, Simon and Sridharan, Sridha and Fookes, Clinton},
	doi = {10.1007/978-3-030-20887-5_20},
	year         = {2019},
	booktitle    = {{Computer Vision -- ACCV 2018}},
	publisher    = {Springer International Publishing},
	address      = {Cham},
	pages        = {314--330},
	isbn         = {978-3-030-20887-5},
	editor       = {Jawahar, C. V. and Li, Hongdong and Mori, Greg and Schindler, Konrad},
}

@article{fernando2018soft+,
	title        = {{Soft + Hardwired attention: An LSTM framework for human trajectory prediction and abnormal event detection}},
	author       = {Tharindu Fernando and Simon Denman and Sridha Sridharan and Clinton Fookes},
	year         = {2018},
	journal      = {Neural Networks},
	volume       = {108},
	pages        = {466--478},
	doi          = {https://doi.org/10.1016/j.neunet.2018.09.002},
	issn         = {0893-6080},
	url          = {https://www.sciencedirect.com/science/article/pii/S0893608018302648},
}

@inproceedings{mangalam2020not,
	title        = {{It Is Not the Journey But the Destination: Endpoint Conditioned Trajectory Prediction}},
	author       = {Mangalam, Karttikeya and Girase, Harshayu and Agarwal, Shreyas and Lee, Kuan-Hui and Adeli, Ehsan and Malik, Jitendra and Gaidon, Adrien},
	doi	= {10.1007/978-3-030-58536-5_45},
	year         = {2020},
	booktitle    = {{Computer Vision -- ECCV 2020}},
	publisher    = {Springer International Publishing},
	address      = {Cham},
	pages        = {759--776},
	isbn         = {978-3-030-58536-5},
	editor       = {Vedaldi, Andrea and Bischof, Horst and Brox, Thomas and Frahm, Jan-Michael},
}

@inproceedings{navarro2022social,
	title        = {{Social-PatteRNN: Socially-Aware Trajectory Prediction Guided by Motion Patterns}},
	author       = {Navarro, Ingrid and Oh, Jean},
	year         = {2022},
	booktitle    = {{2022 IEEE/RSJ International Conference on Intelligent Robots and Systems (IROS)}},
	volume       = {},
	number       = {},
	pages        = {9859--9864},
	doi          = {10.1109/IROS47612.2022.9981486},
	publisher    = {IEEE Computer Society},
	address      = {Los Alamitos, CA, USA},
	location     = {Kyoto, Japan}
}

@article{zhou2023csr,
	title        = {{CSR: Cascade Conditional Variational Auto Encoder with Socially-aware Regression for Pedestrian Trajectory Prediction}},
	author       = {Hao Zhou and Dongchun Ren and Xu Yang and Mingyu Fan and Hai Huang},
	year         = {2023},
	journal      = {Pattern Recognition},
	volume       = {133},
	pages        = {109030},
	doi          = {https://doi.org/10.1016/j.patcog.2022.109030},
	issn         = {0031-3203},
	url          = {https://www.sciencedirect.com/science/article/pii/S0031320322005106},
}
@inproceedings{zhang2023forceformer,
	title        = {{ForceFormer: exploring social force and transformer for pedestrian trajectory prediction}},
	author       = {Zhang, Weicheng and Cheng, Hao and Johora, Fatema T and Sester, Monika},
	year         = {2023},
	booktitle    = {{2023 IEEE Intelligent Vehicles Symposium (IV)}},
	volume       = {},
	number       = {},
	pages        = {1--7},
	doi          = {10.1109/IV55152.2023.10186643},
	publisher    = {IEEE Computer Society},
	address      = {Los Alamitos, CA, USA},
	location     = {Anchorage, USA}
}

@inproceedings{yuan2021agentformer,
	title        = {{Agentformer: Agent-aware transformers for socio-temporal multi-agent forecasting}},
	author       = {Yuan, Ye and Weng, Xinshuo and Ou, Yanglan and Kitani, Kris M},
	year         = {2021},
	booktitle    = {{Proceedings of the IEEE/CVF International Conference on Computer Vision}},
	volume       = {},
	number       = {},
	pages        = {9813--9823},
	doi          = {10.1109/ICCV48922.2021.00967},
	publisher    = {IEEE Computer Society},
	address      = {Los Alamitos, CA, USA},
	location     = {Montreal, Canada}
}

@inproceedings{meszaros2024trajflow,
	title        = {{TrajFlow: Learning Distributions over Trajectories for Human Behavior Prediction}},
	author       = {M{\'e}sz{\'a}ros, Anna and Schumann, Julian F and Alonso-Mora, Javier and Zgonnikov, Arkady and Kober, Jens},
	year         = {2024},
	booktitle    = {{2024 IEEE Intelligent Vehicles Symposium (IV)}},
	volume       = {},
	number       = {},
	pages        = {184--191},
	doi          = { 10.1109/IV55156.2024.10588386},
	publisher    = {IEEE Computer Society},
	address      = {Los Alamitos, CA, USA},
	location     = {Jeju Island, Republic of Korea}
}

@inproceedings{scholler2021flomo,
	title        = {{Flomo: Tractable motion prediction with normalizing flows}},
	author       = {Sch{\"o}ller, Christoph and Knoll, Alois},
	year         = {2021},
	booktitle    = {{2021 IEEE/RSJ International Conference on Intelligent Robots and Systems (IROS)}},
	volume       = {},
	number       = {},
	pages        = {7977--7984},
	doi          = {10.1109/IROS51168.2021.9636445},
	publisher    = {IEEE Computer Society},
	address      = {Los Alamitos, CA, USA},
	location     = {Prague, Czech Republic}
}

@inproceedings{giuliari2020transformer,
	title        = {{Transformer networks for trajectory forecasting}},
	author       = {Giuliari, Francesco and Hasan, Irtiza and Cristani, Marco and Galasso, Fabio},
	year         = {2020},
	booktitle    = {{2020 25th International conference on pattern recognition (ICPR)}},
	volume       = {},
	number       = {},
	pages        = {10335--10342},
	doi          = {10.1109/ICPR48806.2021.9412190},
	publisher    = {IEEE Computer Society},
	address      = {Los Alamitos, CA, USA},
	location     = { Milan, Italy }
}


@inproceedings{gu2022stochastic,
	title        = {{Stochastic trajectory prediction via motion indeterminacy diffusion}},
	author       = {Gu, Tianpei and Chen, Guangyi and Li, Junlong and Lin, Chunze and Rao, Yongming and Zhou, Jie and Lu, Jiwen},
	year         = {2022},
	booktitle    = {{IEEE/CVF Conference on Computer Vision and Pattern Recognition}},
	volume       = {},
	number       = {},
	pages        = {17113--17122},
	doi          = {10.1109/CVPR52688.2022.01660},
	publisher    = {IEEE Computer Society},
	address      = {Los Alamitos, CA, USA},
	location     = {New Orleans, USA}
}

@inproceedings{tang2024hpnet,
	title        = {{Hpnet: Dynamic trajectory forecasting with historical prediction attention}},
	author       = {Tang, Xiaolong and Kan, Meina and Shan, Shiguang and Ji, Zhilong and Bai, Jinfeng and Chen, Xilin},
	year         = {2024},
	booktitle    = {{IEEE/CVF Conference on Computer Vision and Pattern Recognition}},
	volume       = {},
	number       = {},
	pages        = {15261--15270},
	doi          = {},
	publisher    = {IEEE Computer Society},
	address      = {Los Alamitos, CA, USA},
	location     = {Seattle, USA}
}

@inproceedings{stefani2024mapflow,
	title        = {{MapFlow: Multi-Agent Pedestrian Trajectory Prediction Using Normalizing Flow}},
	author       = {Stefani, Antonio Luigi and Bisagno, Niccol{\`o} and Conci, Nicola},
	year         = {2024},
	booktitle    = {{ICASSP 2024-2024 IEEE International Conference on Acoustics, Speech and Signal Processing (ICASSP)}},
	volume       = {},
	number       = {},
	pages        = {3295--3299},
	doi          = {},
	publisher    = {IEEE Computer Society},
	address      = {Los Alamitos, CA, USA},
	location     = {Seoul, Republic of Korea}
}

@inproceedings{gao2020vectornet,
	title        = {{Vectornet: Encoding hd maps and agent dynamics from vectorized representation}},
	author       = {Gao, Jiyang and Sun, Chen and Zhao, Hang and Shen, Yi and Anguelov, Dragomir and Li, Congcong and Schmid, Cordelia},
	year         = {2020},
	booktitle    = {{IEEE/CVF conference on computer vision and pattern recognition}},
	volume       = {},
	number       = {},
	pages        = {11525--11533},
	doi          = {10.1109/CVPR42600.2020.01154},
	publisher    = {IEEE Computer Society},
	address      = {Los Alamitos, CA, USA},
	location     = {Seattle, USA}
}

@article{zhang2024real,
	title        = {{Real-time motion prediction via heterogeneous polyline transformer with relative pose encoding}},
	author       = {Zhang, Zhejun and Liniger, Alexander and Sakaridis, Christos and Yu, Fisher and Gool, Luc V},
	year         = {2024},
	journal      = {Advances in Neural Information Processing Systems},
	volume       = {36},
	number       = {},
	pages        = {},
	doi          = {},
	publisher    = {},
	address      = {},
	location     = {}
}

@inproceedings{varadarajan2022multipath,
	title        = {{Multipath++: Efficient information fusion and trajectory aggregation for behavior prediction}},
	author       = {Varadarajan, Balakrishnan and Hefny, Ahmed and Srivastava, Avikalp and Refaat, Khaled S and Nayakanti, Nigamaa and Cornman, Andre and Chen, Kan and Douillard, Bertrand and Lam, Chi Pang and Anguelov, Dragomir and others},
	year         = {2022},
	booktitle    = {{2022 IEEE International Conference on Robotics and Automation (ICRA)}},
	volume       = {},
	number       = {},
	pages        = {7814--7821},
	doi          = {10.1109/ICRA46639.2022.9812107},
	publisher    = {IEEE Computer Society},
	address      = {Los Alamitos, CA, USA},
	location     = {Philadelphia, USA}
}

@inproceedings{nayakanti2023wayformer,
	title        = {{Wayformer: Motion forecasting via simple \& efficient attention networks}},
	author       = {Nayakanti, Nigamaa and Al-Rfou, Rami and Zhou, Aurick and Goel, Kratarth and Refaat, Khaled S and Sapp, Benjamin},
	year         = {2023},
	booktitle    = {{2023 IEEE International Conference on Robotics and Automation (ICRA)}},
	volume       = {},
	number       = {},
	pages        = {2980--2987},
	doi          = {10.1109/TPAMI.2024.3352811},
	publisher    = {IEEE Computer Society},
	address      = {Los Alamitos, CA, USA},
	location     = {London, UK}
}

@article{shi2022motion,
	title        = {{Motion transformer with global intention localization and local movement refinement}},
	author       = {Shi, Shaoshuai and Jiang, Li and Dai, Dengxin and Schiele, Bernt},
	year         = {2022},
	journal      = {Advances in Neural Information Processing Systems},
	volume       = {35},
	number       = {},
	pages        = {6531--6543},
	doi          = {},
	publisher    = {},
	address      = {},
	location     = {}
}

@article{shi2024mtr,
	title        = {{MTR++: Multi-Agent Motion Prediction With Symmetric Scene Modeling and Guided Intention Querying}},
	author       = {Shi, Shaoshuai and Jiang, Li and Dai, Dengxin and Schiele, Bernt},
	year         = {2024},
	journal      = {IEEE Transactions on Pattern Analysis and Machine Intelligence},
	volume       = {46},
	number       = {5},
	pages        = {3955-3971},
	doi          = {10.1109/TPAMI.2024.3352811},
	publisher    = {},
	address      = {},
	location     = {}
}

@article{cheng2023gatraj,
	title        = {{Gatraj: A graph-and attention-based multi-agent trajectory prediction model}},
	author       = {Cheng, Hao and Liu, Mengmeng and Chen, Lin and Broszio, Hellward and Sester, Monika and Yang, Michael Ying},
	year         = {2023},
	journal      = {ISPRS Journal of Photogrammetry and Remote Sensing},
	volume       = {205},
	number       = {},
	pages        = {163--175},
	doi          = {},
	publisher    = {Elsevier},
	address      = {},
	location     = {}
}

@inproceedings{aydemir2023adapt,
	title        = {{Adapt: Efficient multi-agent trajectory prediction with adaptation}},
	author       = {Aydemir, G{\"o}rkay and Akan, Adil Kaan and G{\"u}ney, Fatma},
	year         = {2023},
	booktitle    = {{Proceedings of the IEEE/CVF International Conference on Computer Vision}},
	volume       = {},
	number       = {},
	pages        = {8295--8305},
	doi          = {10.1109/ICCV51070.2023.00762},
	publisher    = {IEEE Computer Society},
	address      = {Los Alamitos, CA, USA},
	location     = {Paris, France}
}

@inproceedings{shi2023trajectory,
	title        = {{Trajectory unified transformer for pedestrian trajectory prediction}},
	author       = {Shi, Liushuai and Wang, Le and Zhou, Sanping and Hua, Gang},
	year         = {2023},
	booktitle    = {{Proceedings of the IEEE/CVF International Conference on Computer Vision}},
	volume       = {},
	number       = {},
	pages        = {9675--9684},
	doi          = {10.1109/ICCV51070.2023.00887},
	publisher    = {IEEE Computer Society},
	address      = {Los Alamitos, CA, USA},
	location     = {Paris, France}
}

@inproceedings{bae2023eigentrajectory,
	title        = {{Eigentrajectory: Low-rank descriptors for multi-modal trajectory forecasting}},
	author       = {Bae, Inhwan and Oh, Jean and Jeon, Hae-Gon},
	year         = {2023},
	booktitle    = {{Proceedings of the IEEE/CVF International Conference on Computer Vision}},
	volume       = {},
	number       = {},
	pages        = {10017--10029},
	doi          = {10.1109/ICCV51070.2023.00919},
	publisher    = {IEEE Computer Society},
	address      = {Los Alamitos, CA, USA},
	location     = {Paris, France}
}

@inproceedings{liang2020learning,
	title        = {{Learning lane graph representations for motion forecasting}},
	author       = {Liang, Ming and Yang, Bin and Hu, Rui and Chen, Yun and Liao, Renjie and Feng, Song and Urtasun, Raquel},
	year         = {2020},
	booktitle    = {{Computer Vision--ECCV 2020, Proceedings}},
	volume       = {},
	number       = {},
	pages        = {541--556},
	doi          = {10.1007/978-3-030-58536-5_32},
	publisher    = {Springer},
	address      = {},
	location     = {Glasgow, UK}
}

@inproceedings{xu2022socialvae,
	title        = {{Socialvae: Human trajectory prediction using timewise latents}},
	author       = {Xu, Pei and Hayet, Jean-Bernard and Karamouzas, Ioannis},
	year         = {2022},
	booktitle    = {{Computer Vision--ECCV 2022, Proceedings}},
	volume       = {},
	number       = {},
	pages        = {511--528},
	doi          = {10.1007/978-3-031-19772-7_30},
	publisher    = {Springer},
	address      = {},
	location     = {Tel Aviv, Israel}
}

@inproceedings{zhou2022hivt,
	title        = {{Hivt: Hierarchical vector transformer for multi-agent motion prediction}},
	author       = {Zhou, Zikang and Ye, Luyao and Wang, Jianping and Wu, Kui and Lu, Kejie},
	year         = {2022},
	booktitle    = {{IEEE/CVF Conference on Computer Vision and Pattern Recognition}},
	volume       = {},
	number       = {},
	pages        = {8823--8833},
	doi          = {10.1109/CVPR52688.2022.00862},
	publisher    = {IEEE Computer Society},
	address      = {Los Alamitos, CA, USA},
	location     = {New Orleans, USA}
}

@inproceedings{da2022path,
	title        = {{Path-aware graph attention for hd maps in motion prediction}},
	author       = {Da, Fang and Zhang, Yu},
	year         = {2022},
	booktitle    = {{2022 IEEE International Conference on Robotics and Automation (ICRA)}},
	volume       = {},
	number       = {},
	pages        = {6430--6436},
	doi          = {10.1109/ICRA46639.2022.9812100},
	publisher    = {IEEE Computer Society},
	address      = {Los Alamitos, CA, USA},
	location     = {Philadelphia, USA}
}

@inproceedings{wang2023fend,
	title        = {{Fend: A future enhanced distribution-aware contrastive learning framework for long-tail trajectory prediction}},
	author       = {Wang, Yuning and Zhang, Pu and Bai, Lei and Xue, Jianru},
	year         = {2023},
	booktitle    = {{IEEE/CVF Conference on Computer Vision and Pattern Recognition}},
	volume       = {},
	number       = {},
	pages        = {1400--1409},
	doi          = {10.1109/CVPR52729.2023.00141},
	publisher    = {IEEE Computer Society},
	address      = {Los Alamitos, CA, USA},
	location     = {Vancouver, Canada}
}

@inproceedings{wang2023prophnet,
	title        = {{Prophnet: Efficient agent-centric motion forecasting with anchor-informed proposals}},
	author       = {Wang, Xishun and Su, Tong and Da, Fang and Yang, Xiaodong},
	year         = {2023},
	booktitle    = {{IEEE/CVF Conference on Computer Vision and Pattern Recognition}},
	volume       = {},
	number       = {},
	pages        = {21995--22003},
	doi          = {10.1109/CVPR52729.2023.02106},
	publisher    = {IEEE Computer Society},
	address      = {Los Alamitos, CA, USA},
	location     = {Vancouver, Canada}
}


@inproceedings{mangalam2021goals,
	title        = {{From goals, waypoints \& paths to long term human trajectory forecasting}},
	author       = {Mangalam, Karttikeya and An, Yang and Girase, Harshayu and Malik, Jitendra},
	year         = {2021},
	booktitle    = {{Proceedings of the IEEE/CVF International Conference on Computer Vision}},
	volume       = {},
	number       = {},
	pages        = {15233--15242},
	doi          = {10.1109/ICCV48922.2021.01495},
	publisher    = {IEEE Computer Society},
	address      = {Los Alamitos, CA, USA},
	location     = {Montreal, Canada}
}

@inproceedings{rowe2023fjmp,
  title={Fjmp: Factorized joint multi-agent motion prediction over learned directed acyclic interaction graphs},
  author={Rowe, Luke and Ethier, Martin and Dykhne, Eli-Henry and Czarnecki, Krzysztof},
  booktitle={Proceedings of the IEEE/CVF Conference on Computer Vision and Pattern Recognition},
  pages={13745--13755},
  year={2023}
}

@inproceedings{gu2021densetnt,
  title={Densetnt: End-to-end trajectory prediction from dense goal sets},
  author={Gu, Junru and Sun, Chen and Zhao, Hang},
  booktitle={Proceedings of the IEEE/CVF International Conference on Computer Vision},
  pages={15303--15312},
  year={2021}
}

@article{xie2023cognition,
  title={A cognition-inspired trajectory prediction method for vehicles in interactive scenarios},
  author={Xie, Shanshan and Li, Jiachen and Wang, Jianqiang},
  journal={IET Intelligent Transport Systems},
  volume={17},
  number={8},
  pages={1544--1559},
  year={2023},
  publisher={Wiley Online Library}
}

@article{yu2021dynamic,
  title={A dynamic and static context-aware attention network for trajectory prediction},
  author={Yu, Jian and Zhou, Meng and Wang, Xin and Pu, Guoliang and Cheng, Chengqi and Chen, Bo},
  journal={ISPRS International Journal of Geo-Information},
  volume={10},
  number={5},
  pages={336},
  year={2021},
  publisher={MDPI}
}

@article{yang2021novel,
  title={A novel graph-based trajectory predictor with pseudo-oracle},
  author={Yang, Biao and Yan, Guocheng and Wang, Pin and Chan, Ching-Yao and Song, Xiang and Chen, Yang},
  journal={IEEE transactions on neural networks and learning systems},
  volume={33},
  number={12},
  pages={7064--7078},
  year={2021},
  publisher={IEEE}
}

@inproceedings{nasr2023social,
  title={A Social-Aware Vehicle Path Forecasting Method using Graph Neural Networks},
  author={Nasr Azadani, Mozhgan and Boukerche, Azzedine},
  booktitle={Proceedings of the Int'l ACM Symposium on Design and Analysis of Intelligent Vehicular Networks and Applications},
  pages={61--68},
  year={2023}
}


@article{bertugli2021ac,
  title={AC-VRNN: Attentive Conditional-VRNN for multi-future trajectory prediction},
  author={Bertugli, Alessia and Calderara, Simone and Coscia, Pasquale and Ballan, Lamberto and Cucchiara, Rita},
  journal={Computer Vision and Image Understanding},
  volume={210},
  pages={103245},
  year={2021},
  publisher={Elsevier}
}

@inproceedings{huang2021social,
  title={Social-scene-aware generative adversarial networks for pedestrian trajectory prediction},
  author={Huang, Binhao and Ma, Zhenwei and Chen, Lianggangxu and He, Gaoqi},
  booktitle={Advances in Computer Graphics: 38th Computer Graphics International Conference, CGI 2021, Virtual Event, September 6--10, 2021, Proceedings 38},
  pages={190--201},
  year={2021},
  organization={Springer}
}

@inproceedings{biswas2020tagcn,
  title={TAGCN: topology-aware graph convolutional network for trajectory prediction},
  author={Biswas, Arindam and Morris, Brendan Tran},
  booktitle={Advances in Visual Computing: 15th International Symposium, ISVC 2020, San Diego, CA, USA, October 5--7, 2020, Proceedings, Part I 15},
  pages={542--553},
  year={2020},
  organization={Springer}
}

@article{liu2022efficient,
  title={An efficient spatial--temporal model based on gated linear units for trajectory prediction},
  author={Liu, Shaohua and Wang, Yisu and Sun, Jingkai and Mao, Tianlu},
  journal={Neurocomputing},
  volume={492},
  pages={593--600},
  year={2022},
  publisher={Elsevier}
}

@article{zhou2021ast,
  title={Ast-gnn: An attention-based spatio-temporal graph neural network for interaction-aware pedestrian trajectory prediction},
  author={Zhou, Hao and Ren, Dongchun and Xia, Huaxia and Fan, Mingyu and Yang, Xu and Huang, Hai},
  journal={Neurocomputing},
  volume={445},
  pages={298--308},
  year={2021},
  publisher={Elsevier}
}

@inproceedings{wu2022atds,
  title={Atds: Adaptive temporal and dual spatial encoders for motion forecasting},
  author={Wu, Shengjie and Wang, Yafei and Liu, Xulei and Hu, Jing},
  booktitle={2022 IEEE 25th International Conference on Intelligent Transportation Systems (ITSC)},
  pages={434--439},
  year={2022},
  organization={IEEE}
}

@article{fang2022atten,
  title={Atten-GAN: pedestrian trajectory prediction with gan based on attention mechanism},
  author={Fang, Fang and Zhang, Pengpeng and Zhou, Bo and Qian, Kun and Gan, Yahui},
  journal={Cognitive Computation},
  volume={14},
  number={6},
  pages={2296--2305},
  year={2022},
  publisher={Springer}
}

@article{messaoud2020attention,
  title={Attention based vehicle trajectory prediction},
  author={Messaoud, Kaouther and Yahiaoui, Itheri and Verroust-Blondet, Anne and Nashashibi, Fawzi},
  journal={IEEE Transactions on Intelligent Vehicles},
  volume={6},
  number={1},
  pages={175--185},
  year={2020},
  publisher={IEEE}
}

@inproceedings{li2021attentional,
  title={Attentional-GCNN: Adaptive pedestrian trajectory prediction towards generic autonomous vehicle use cases},
  author={Li, Kunming and Eiffert, Stuart and Shan, Mao and Gomez-Donoso, Francisco and Worrall, Stewart and Nebot, Eduardo},
  booktitle={2021 IEEE International Conference on Robotics and Automation (ICRA)},
  pages={14241--14247},
  year={2021},
  organization={IEEE}
}

@article{liu2024auto,
  title={Auto-Encoding Bayesian Inverse Games},
  author={Liu, Xinjie and Peters, Lasse and Alonso-Mora, Javier and Topcu, Ufuk and Fridovich-Keil, David},
  journal={arXiv preprint arXiv:2402.08902},
  year={2024}
}

@inproceedings{li2020behavior,
  title={Behavior and interaction-aware motion planning for autonomous driving vehicles based on hierarchical intention and motion prediction},
  author={Li, Dachuan and Wu, Yunjiang and Bai, Bing and Hao, Qi},
  booktitle={2020 IEEE 23rd International Conference on Intelligent Transportation Systems (ITSC)},
  pages={1--8},
  year={2020},
  organization={IEEE}
}

@inproceedings{ferrer2014behavior,
  title={Behavior estimation for a complete framework for human motion prediction in crowded environments},
  author={Ferrer, Gonzalo and Sanfeliu, Alberto},
  booktitle={2014 IEEE International Conference on Robotics and Automation (ICRA)},
  pages={5940--5945},
  year={2014},
  organization={IEEE}
}

@article{guo2023motion,
  title={A Motion Logic Network for Pedestrian Motion Prediction},
  author={Guo, Jia and Lv, Pengfei and Li, Dongyu},
  journal={IEEE Transactions on Automation Science and Engineering},
  year={2023},
  publisher={IEEE}
}

@inproceedings{rasouli2021bifold,
  title={Bifold and semantic reasoning for pedestrian behavior prediction},
  author={Rasouli, Amir and Rohani, Mohsen and Luo, Jun},
  booktitle={Proceedings of the IEEE/CVF International Conference on Computer Vision},
  pages={15600--15610},
  year={2021}
}

@article{chen2022cae,
  title={CAE-GAN: A hybrid model for vehicle trajectory prediction},
  author={Chen, Long and Zhou, Qiyang and Cai, Yingfeng and Wang, Hai and Li, Yicheng},
  journal={IET Intelligent Transport Systems},
  volume={16},
  number={12},
  pages={1682--1696},
  year={2022},
  publisher={Wiley Online Library}
}

@inproceedings{sun2022social,
  title={Social-transformer: Pedestrian trajectory prediction in autonomous driving scenes},
  author={Sun, Hanbing and Sun, Fuchun},
  booktitle={Cognitive Systems and Information Processing: 6th International Conference, ICCSIP 2021, Suzhou, China, November 20--21, 2021, Revised Selected Papers 6},
  pages={177--190},
  year={2022},
  organization={Springer}
}

@inproceedings{chaochen2022vehicle,
  title={Vehicle trajectory prediction based on graph attention network},
  author={Chaochen, Zhuolei and Zhang, Qichao and Li, Ding and Li, Haoran and Pang, Zhonghua},
  booktitle={Cognitive Systems and Information Processing: 6th International Conference, ICCSIP 2021, Suzhou, China, November 20--21, 2021, Revised Selected Papers 6},
  pages={427--438},
  year={2022},
  organization={Springer}
}

@inproceedings{wang2022research,
  title={Research on Crowd Movement Trajectory Prediction Method Based on Deep Learning},
  author={Wang, Ruikun and Gu, Xinyu and Li, Dongliang},
  booktitle={International Conference on Communications and Networking in China},
  pages={390--402},
  year={2022},
  organization={Springer}
}

@inproceedings{duan2022complementary,
  title={Complementary attention gated network for pedestrian trajectory prediction},
  author={Duan, Jinghai and Wang, Le and Long, Chengjiang and Zhou, Sanping and Zheng, Fang and Shi, Liushuai and Hua, Gang},
  booktitle={Proceedings of the AAAI Conference on Artificial Intelligence},
  volume={36},
  number={1},
  pages={542--550},
  year={2022}
}

@inproceedings{bisagno2018group,
  title={Group lstm: Group trajectory prediction in crowded scenarios},
  author={Bisagno, Niccol{\'o} and Zhang, Bo and Conci, Nicola},
  booktitle={Proceedings of the European conference on computer vision (ECCV) workshops},
  pages={0--0},
  year={2018}
}

@inproceedings{yu2020spatio,
  title={Spatio-temporal graph transformer networks for pedestrian trajectory prediction},
  author={Yu, Cunjun and Ma, Xiao and Ren, Jiawei and Zhao, Haiyu and Yi, Shuai},
  booktitle={Computer Vision--ECCV 2020: 16th European Conference, Glasgow, UK, August 23--28, 2020, Proceedings, Part XII 16},
  pages={507--523},
  year={2020},
  organization={Springer}
}

@inproceedings{tao2020dynamic,
  title={Dynamic and static context-aware lstm for multi-agent motion prediction},
  author={Tao, Chaofan and Jiang, Qinhong and Duan, Lixin and Luo, Ping},
  booktitle={European Conference on Computer Vision},
  pages={547--563},
  year={2020},
  organization={Springer}
}

@inproceedings{tsao2022social,
  title={Social-ssl: Self-supervised cross-sequence representation learning based on transformers for multi-agent trajectory prediction},
  author={Tsao, Li-Wu and Wang, Yan-Kai and Lin, Hao-Siang and Shuai, Hong-Han and Wong, Lai-Kuan and Cheng, Wen-Huang},
  booktitle={European Conference on Computer Vision},
  pages={234--250},
  year={2022},
  organization={Springer}
}

@inproceedings{mohamed2022social,
  title={Social-implicit: Rethinking trajectory prediction evaluation and the effectiveness of implicit maximum likelihood estimation},
  author={Mohamed, Abduallah and Zhu, Deyao and Vu, Warren and Elhoseiny, Mohamed and Claudel, Christian},
  booktitle={European Conference on Computer Vision},
  pages={463--479},
  year={2022},
  organization={Springer}
}

@article{li2023conditional,
  title={Conditional Goal-Oriented Trajectory Prediction for Interacting Vehicles},
  author={Li, Ding and Zhang, Qichao and Lu, Shuai and Pan, Yifeng and Zhao, Dongbin},
  journal={IEEE Transactions on Neural Networks and Learning Systems},
  year={2023},
  publisher={IEEE}
}

@inproceedings{postnikov2022conditioned,
  title={Conditioned human trajectory prediction using iterative attention blocks},
  author={Postnikov, Aleksey and Gamayunov, Aleksander and Ferrer, Gonzalo},
  booktitle={2022 International Conference on Robotics and Automation (ICRA)},
  pages={4599--4604},
  year={2022},
  organization={IEEE}
}

@article{xu2023context,
  title={Context-aware timewise vaes for real-time vehicle trajectory prediction},
  author={Xu, Pei and Hayet, Jean-Bernard and Karamouzas, Ioannis},
  journal={IEEE Robotics and Automation Letters},
  year={2023},
  publisher={IEEE}
}

@inproceedings{bartoli2018context,
  title={Context-aware trajectory prediction},
  author={Bartoli, Federico and Lisanti, Giuseppe and Ballan, Lamberto and Del Bimbo, Alberto},
  booktitle={2018 24th international conference on pattern recognition (ICPR)},
  pages={1941--1946},
  year={2018},
  organization={IEEE}
}

@inproceedings{schmidt2022crat,
  title={Crat-pred: Vehicle trajectory prediction with crystal graph convolutional neural networks and multi-head self-attention},
  author={Schmidt, Julian and Jordan, Julian and Gritschneder, Franz and Dietmayer, Klaus},
  booktitle={2022 International Conference on Robotics and Automation (ICRA)},
  pages={7799--7805},
  year={2022},
  organization={IEEE}
}

@inproceedings{rella2021decoder,
  title={Decoder fusion rnn: Context and interaction aware decoders for trajectory prediction},
  author={Rella, Edoardo Mello and Zaech, Jan-Nico and Liniger, Alexander and Van Gool, Luc},
  booktitle={2021 IEEE/RSJ International Conference on Intelligent Robots and Systems (IROS)},
  pages={5937--5943},
  year={2021},
  organization={IEEE}
}

@inproceedings{espinoza2022deep,
  title={Deep interactive motion prediction and planning: Playing games with motion prediction models},
  author={Espinoza, Jose Luis Vazquez and Liniger, Alexander and Schwarting, Wilko and Rus, Daniela and Van Gool, Luc},
  booktitle={Learning for Dynamics and Control Conference},
  pages={1006--1019},
  year={2022},
  organization={PMLR}
}

@inproceedings{liu2021deep,
  title={Deep structured reactive planning},
  author={Liu, Jerry and Zeng, Wenyuan and Urtasun, Raquel and Yumer, Ersin},
  booktitle={2021 IEEE International Conference on Robotics and Automation (ICRA)},
  pages={4897--4904},
  year={2021},
  organization={IEEE}
}

@inproceedings{ye2023diffusion,
  title={Diffusion Models for Multi-target Adversarial Tracking},
  author={Ye, Sean and Natarajan, Manisha and Wu, Zixuan and Gombolay, Matthew C},
  booktitle={2023 International Symposium on Multi-Robot and Multi-Agent Systems (MRS)},
  pages={142--148},
  year={2023},
  organization={IEEE}
}

@inproceedings{sur2022domain,
  title={Domain knowledge driven pseudo labels for interpretable goal-conditioned interactive trajectory prediction},
  author={Sur, Lingfeng and Tang, Chen and Niu, Yaru and Sachdeva, Enna and Choi, Chiho and Misu, Teruhisa and Tomizuka, Masayoshi and Zhan, Wei},
  booktitle={2022 IEEE/RSJ International Conference on Intelligent Robots and Systems (IROS)},
  pages={13034--13041},
  year={2022},
  organization={IEEE}
}

@inproceedings{choi2021drogon,
  title={DROGON: A trajectory prediction model based on intention-conditioned behavior reasoning},
  author={Choi, Chiho and Malla, Srikanth and Patil, Abhishek and Choi, Joon Hee},
  booktitle={Conference on Robot Learning},
  pages={49--63},
  year={2021},
  organization={PMLR}
}

@inproceedings{chen2020dualsin,
  title={Dualsin: Dual sequential interaction network for human intentional mobility prediction},
  author={Chen, Quanjun and Jiang, Renhe and Yang, Chuang and Cai, Zekun and Fan, Zipei and Tsubouchi, Kota and Shibasaki, Ryosuke and Song, Xuan},
  booktitle={Proceedings of the 28th International Conference on Advances in Geographic Information Systems},
  pages={283--292},
  year={2020}
}

@inproceedings{ying2021dynamic,
  title={Dynamic Object Trajectory Prediction Algorithm in Urban Scene Based on Map Features},
  author={Ying, Lv and Siqi, Yang and Huiqin, Zhan and Jiajun, Wu and Bei, Liu and Juan, Chen},
  booktitle={2021 China Automation Congress (CAC)},
  pages={2806--2810},
  year={2021},
  organization={IEEE}
}

@article{ma2022dynamic,
  title={Dynamic pedestrian trajectory forecasting with LSTM-based Delaunay triangulation},
  author={Ma, Qiulin and Zou, Qi and Huang, Yaping and Wang, Nan},
  journal={Applied Intelligence},
  volume={52},
  number={3},
  pages={3018--3028},
  year={2022},
  publisher={Springer}
}

@article{bisagno2021embedding,
  title={Embedding group and obstacle information in lstm networks for human trajectory prediction in crowded scenes},
  author={Bisagno, Niccol{\'o} and Saltori, Cristiano and Zhang, Bo and De Natale, Francesco GB and Conci, Nicola},
  journal={Computer Vision and Image Understanding},
  volume={203},
  pages={103126},
  year={2021},
  publisher={Elsevier}
}

@inproceedings{xu2018encoding,
  title={Encoding crowd interaction with deep neural network for pedestrian trajectory prediction},
  author={Xu, Yanyu and Piao, Zhixin and Gao, Shenghua},
  booktitle={Proceedings of the IEEE conference on computer vision and pattern recognition},
  pages={5275--5284},
  year={2018}
}

@article{li2017encoding,
  title={Encoding motion cues for pedestrian path prediction in dense crowd scenarios},
  author={Li, Yuke and Mekhalfi, Mohamed Lamine and Al Rahhal, Mohamad Mahmoud and Othman, Esam and Dhahri, Habib},
  journal={IEEE Access},
  volume={5},
  pages={24368--24375},
  year={2017},
  publisher={IEEE}
}

@inproceedings{li2020end,
  title={End-to-end contextual perception and prediction with interaction transformer},
  author={Li, Lingyun Luke and Yang, Bin and Liang, Ming and Zeng, Wenyuan and Ren, Mengye and Segal, Sean and Urtasun, Raquel},
  booktitle={2020 IEEE/RSJ International Conference on Intelligent Robots and Systems (IROS)},
  pages={5784--5791},
  year={2020},
  organization={IEEE}
}

@article{yao2022end,
  title={End-to-end pedestrian trajectory forecasting with transformer network},
  author={Yao, Hai-Yan and Wan, Wang-Gen and Li, Xiang},
  journal={ISPRS International Journal of Geo-Information},
  volume={11},
  number={1},
  pages={44},
  year={2022},
  publisher={MDPI}
}

@inproceedings{gomez2022exploring,
  title={Exploring attention GAN for vehicle motion prediction},
  author={G{\'o}mez-Hu{\'e}lamo, Carlos and Conde, Marcos V and Ortiz, Miguel and Montiel, Santiago and Barea, Rafael and Bergasa, Luis M},
  booktitle={2022 IEEE 25th International Conference on Intelligent Transportation Systems (ITSC)},
  pages={4011--4016},
  year={2022},
  organization={IEEE}
}

@inproceedings{tang2023fgnet,
  title={FGNet: A Graph-Based Motion Forecasting Method From a Future Perspective},
  author={Tang, Xiaqiang and Guo, Yafeng and Sun, Yiyang and Hu, Siyuan and Wang, Jun},
  booktitle={2023 IEEE Intelligent Vehicles Symposium (IV)},
  pages={1--7},
  year={2023},
  organization={IEEE}
}

@inproceedings{su2017forecast,
  title={Forecast the Plausible Paths in Crowd Scenes.},
  author={Su, Hang and Zhu, Jun and Dong, Yinpeng and Zhang, Bo},
  booktitle={IJCAI},
  volume={1},
  pages={2},
  year={2017}
}

@article{zhou2022ga,
  title={GA-STT: Human trajectory prediction with group aware spatial-temporal transformer},
  author={Zhou, Lei and Yang, Dingye and Zhai, Xiaolin and Wu, Shichao and Hu, Zhengxi and Liu, Jingtai},
  journal={IEEE Robotics and Automation Letters},
  volume={7},
  number={3},
  pages={7660--7667},
  year={2022},
  publisher={IEEE}
}

@inproceedings{wang2023ganet,
  title={Ganet: Goal area network for motion forecasting},
  author={Wang, Mingkun and Zhu, Xinge and Yu, Changqian and Li, Wei and Ma, Yuexin and Jin, Ruochun and Ren, Xiaoguang and Ren, Dongchun and Wang, Mingxu and Yang, Wenjing},
  booktitle={2023 IEEE International Conference on Robotics and Automation (ICRA)},
  pages={1609--1615},
  year={2023},
  organization={IEEE}
}

@article{zhou2022gchgat,
  title={Gchgat: Pedestrian trajectory prediction using group constrained hierarchical graph attention networks},
  author={Zhou, Lei and Zhao, Yingli and Yang, Dingye and Liu, Jingtai},
  journal={Applied Intelligence},
  volume={52},
  number={10},
  pages={11434--11447},
  year={2022},
  publisher={Springer}
}

@inproceedings{li2018generic,
  title={Generic probabilistic interactive situation recognition and prediction: From virtual to real},
  author={Li, Jiachen and Ma, Hengbo and Zhan, Wei and Tomizuka, Masayoshi},
  booktitle={2018 21st international conference on intelligent transportation systems (ITSC)},
  pages={3218--3224},
  year={2018},
  organization={IEEE}
}

@inproceedings{chiara2022goal,
  title={Goal-driven self-attentive recurrent networks for trajectory prediction},
  author={Chiara, Luigi Filippo and Coscia, Pasquale and Das, Sourav and Calderara, Simone and Cucchiara, Rita and Ballan, Lamberto},
  booktitle={Proceedings of the IEEE/CVF Conference on Computer Vision and Pattern Recognition},
  pages={2518--2527},
  year={2022}
}

@article{chen2023goal,
  title={Goal-Guided and Interaction-Aware State Refinement Graph Attention Network for Multi-Agent Trajectory Prediction},
  author={Chen, Xiaobo and Luo, Fengbo and Zhao, Feng and Ye, Qiaolin},
  journal={IEEE Robotics and Automation Letters},
  volume={9},
  number={1},
  pages={57--64},
  year={2023},
  publisher={IEEE}
}

@inproceedings{gilles2022gohome,
  title={Gohome: Graph-oriented heatmap output for future motion estimation},
  author={Gilles, Thomas and Sabatini, Stefano and Tsishkou, Dzmitry and Stanciulescu, Bogdan and Moutarde, Fabien},
  booktitle={2022 international conference on robotics and automation (ICRA)},
  pages={9107--9114},
  year={2022},
  organization={IEEE}
}

@inproceedings{cui2023gorela,
  title={Gorela: Go relative for viewpoint-invariant motion forecasting},
  author={Cui, Alexander and Casas, Sergio and Wong, Kelvin and Suo, Simon and Urtasun, Raquel},
  booktitle={2023 IEEE International Conference on Robotics and Automation (ICRA)},
  pages={7801--7807},
  year={2023},
  organization={IEEE}
}

@article{wu2023graph,
  title={Graph-based interaction-aware multimodal 2D vehicle trajectory prediction using diffusion graph convolutional networks},
  author={Wu, Keshu and Zhou, Yang and Shi, Haotian and Li, Xiaopeng and Ran, Bin},
  journal={IEEE Transactions on Intelligent Vehicles},
  year={2023},
  publisher={IEEE}
}

@inproceedings{li2019grip,
  title={Grip: Graph-based interaction-aware trajectory prediction},
  author={Li, Xin and Ying, Xiaowen and Chuah, Mooi Choo},
  booktitle={2019 IEEE Intelligent Transportation Systems Conference (ITSC)},
  pages={3960--3966},
  year={2019},
  organization={IEEE}
}

@inproceedings{xu2022groupnet,
  title={Groupnet: Multiscale hypergraph neural networks for trajectory prediction with relational reasoning},
  author={Xu, Chenxin and Li, Maosen and Ni, Zhenyang and Zhang, Ya and Chen, Siheng},
  booktitle={Proceedings of the IEEE/CVF Conference on Computer Vision and Pattern Recognition},
  pages={6498--6507},
  year={2022}
}

@inproceedings{zhou2022grouptron,
  title={Grouptron: Dynamic multi-scale graph convolutional networks for group-aware dense crowd trajectory forecasting},
  author={Zhou, Rui and Zhou, Hongyu and Gao, Huidong and Tomizuka, Masayoshi and Li, Jiachen and Xu, Zhuo},
  booktitle={2022 International Conference on Robotics and Automation (ICRA)},
  pages={805--811},
  year={2022},
  organization={IEEE}
}

@inproceedings{ye2020gsan,
  title={GSAN: Graph self-attention network for interaction measurement in autonomous driving},
  author={Ye, Luyao and Wang, Zezhong and Chen, Xinhong and Wang, Jianping and Wu, Kui and Lu, Kejie},
  booktitle={2020 IEEE 17th International Conference on Mobile Ad Hoc and Sensor Systems (MASS)},
  pages={274--282},
  year={2020},
  organization={IEEE}
}

@article{jia2023hdgt,
  title={Hdgt: Heterogeneous driving graph transformer for multi-agent trajectory prediction via scene encoding},
  author={Jia, Xiaosong and Wu, Penghao and Chen, Li and Liu, Yu and Li, Hongyang and Yan, Junchi},
  journal={IEEE transactions on pattern analysis and machine intelligence},
  year={2023},
  publisher={IEEE}
}

@inproceedings{li2022heterogeneous,
  title={Heterogeneous Traffic Trajectory Prediction via Spatial Attention Network for Internet of Vehicles},
  author={Li, Jie and Guo, Yue and Shi, Han and Yu, Ruiyun and Wang, Xingwei and Hou, Xinyi},
  booktitle={2022 8th International Conference on Big Data Computing and Communications (BigCom)},
  pages={285--293},
  year={2022},
  organization={IEEE}
}

@inproceedings{zhao2022hierarchical,
  title={Hierarchical multi-supervision multi-interaction graph attention network for multi-camera pedestrian trajectory prediction},
  author={Zhao, Guoliang and Zhou, Yuxun and Xu, Zhanbo and Zhou, Yadong and Wu, Jiang},
  booktitle={Proceedings of the AAAI Conference on Artificial Intelligence},
  volume={36},
  number={4},
  pages={4698--4706},
  year={2022}
}

@article{quan2021holistic,
  title={Holistic LSTM for pedestrian trajectory prediction},
  author={Quan, Ruijie and Zhu, Linchao and Wu, Yu and Yang, Yi},
  journal={IEEE transactions on image processing},
  volume={30},
  pages={3229--3239},
  year={2021},
  publisher={IEEE}
}

@article{marchetti2024smemo,
  title={Smemo: social memory for trajectory forecasting},
  author={Marchetti, Francesco and Becattini, Federico and Seidenari, Lorenzo and Del Bimbo, Alberto},
  journal={IEEE Transactions on Pattern Analysis and Machine Intelligence},
  year={2024},
  publisher={IEEE}
}

@inproceedings{sun2022human,
  title={Human trajectory prediction with momentary observation},
  author={Sun, Jianhua and Li, Yuxuan and Chai, Liang and Fang, Hao-Shu and Li, Yong-Lu and Lu, Cewu},
  booktitle={Proceedings of the IEEE/CVF Conference on Computer Vision and Pattern Recognition},
  pages={6467--6476},
  year={2022}
}

@inproceedings{tian2022hypertron,
  title={Hypertron: Explicit Social-Temporal Hypergraph Framework for Multi-Agent Forecasting.},
  author={Tian, Yu and Huang, Xingliang and Niu, Ruigang and Yu, Hongfeng and Wang, Peijin and Sun, Xian},
  booktitle={IJCAI},
  pages={1356--1362},
  year={2022}
}

@inproceedings{tolstaya2021identifying,
  title={Identifying driver interactions via conditional behavior prediction},
  author={Tolstaya, Ekaterina and Mahjourian, Reza and Downey, Carlton and Vadarajan, Balakrishnan and Sapp, Benjamin and Anguelov, Dragomir},
  booktitle={2021 IEEE International Conference on Robotics and Automation (ICRA)},
  pages={3473--3479},
  year={2021},
  organization={IEEE}
}

@article{he2022multi,
  title={Multi-future Transformer: Learning diverse interaction modes for behaviour prediction in autonomous driving},
  author={He, Baotian and Li, Yibing},
  journal={IET Intelligent Transport Systems},
  volume={16},
  number={9},
  pages={1249--1267},
  year={2022},
  publisher={Wiley Online Library}
}

@inproceedings{casas2020implicit,
  title={Implicit latent variable model for scene-consistent motion forecasting},
  author={Casas, Sergio and Gulino, Cole and Suo, Simon and Luo, Katie and Liao, Renjie and Urtasun, Raquel},
  booktitle={Computer Vision--ECCV 2020: 16th European Conference, Glasgow, UK, August 23--28, 2020, Proceedings, Part XXIII 16},
  pages={624--641},
  year={2020},
  organization={Springer}
}

@article{benrachou2023improving,
  title={Improving Efficiency and Generalisability of Motion Predictions With Deep Multi-Agent Learning and Multi-Head Attention},
  author={Benrachou, Djamel Eddine and Glaser, Sebastien and Elhenawy, Mohammed and Rakotonirainy, Andry},
  journal={IEEE Transactions on Intelligent Transportation Systems},
  year={2023},
  publisher={IEEE}
}

@inproceedings{guan2019intelligent,
  title={Intelligent prediction of mobile vehicle trajectory based on space-time information},
  author={Guan, Dong and Zhao, Hui and Zhao, Long and Zheng, Kan},
  booktitle={2019 IEEE 89th Vehicular Technology Conference (VTC2019-Spring)},
  pages={1--5},
  year={2019},
  organization={IEEE}
}

@article{li2022intention,
  title={Intention-interaction graph based hierarchical reasoning networks for human trajectory prediction},
  author={Li, Cunyan and Yang, Hua and Sun, Jun},
  journal={IEEE Transactions on Multimedia},
  year={2022},
  publisher={IEEE}
}

@inproceedings{wang2022interaction,
  title={Interaction-aware Pedestrian Trajectory Prediction Considering Vision and Background Information},
  author={Wang, Xikai and Wang, Xinyu and Guo, Sijing},
  booktitle={Proceedings of the 2022 6th International Conference on Electronic Information Technology and Computer Engineering},
  pages={895--900},
  year={2022}
}

@inproceedings{kumar2021interaction,
  title={Interaction-based trajectory prediction over a hybrid traffic graph},
  author={Kumar, Sumit and Gu, Yiming and Hoang, Jerrick and Haynes, Galen Clark and Marchetti-Bowick, Micol},
  booktitle={2021 IEEE/RSJ International Conference on Intelligent Robots and Systems (IROS)},
  pages={5530--5535},
  year={2021},
  organization={IEEE}
}

@inproceedings{sun2019interactive,
  title={Interactive prediction for multiple, heterogeneous traffic participants with multi-agent hybrid dynamic bayesian network},
  author={Sun, Lingfeng and Zhan, Wei and Wang, Di and Tomizuka, Masayoshi},
  booktitle={2019 IEEE intelligent transportation systems conference (itsc)},
  pages={1025--1031},
  year={2019},
  organization={IEEE}
}

@article{liu2022interactive,
  title={Interactive trajectory prediction using a driving risk map-integrated deep learning method for surrounding vehicles on highways},
  author={Liu, Xulei and Wang, Yafei and Jiang, Kun and Zhou, Zhisong and Nam, Kanghyun and Yin, Chengliang},
  journal={IEEE Transactions on Intelligent Transportation Systems},
  volume={23},
  number={10},
  pages={19076--19087},
  year={2022},
  publisher={IEEE}
}

@inproceedings{shafiee2021introvert,
  title={Introvert: Human trajectory prediction via conditional 3d attention},
  author={Shafiee, Nasim and Padir, Taskin and Elhamifar, Ehsan},
  booktitle={Proceedings of the IEEE/cvf Conference on Computer Vision and Pattern recognition},
  pages={16815--16825},
  year={2021}
}

@inproceedings{packer2023anyone,
  title={Is anyone there? learning a planner contingent on perceptual uncertainty},
  author={Packer, Charles and Rhinehart, Nicholas and McAllister, Rowan Thomas and Wright, Matthew A and Wang, Xin and He, Jeff and Levine, Sergey and Gonzalez, Joseph E},
  booktitle={Conference on Robot Learning},
  pages={1607--1617},
  year={2023},
  organization={PMLR}
}

@inproceedings{luo2023jfp,
  title={Jfp: Joint future prediction with interactive multi-agent modeling for autonomous driving},
  author={Luo, Wenjie and Park, Cheol and Cornman, Andre and Sapp, Benjamin and Anguelov, Dragomir},
  booktitle={Conference on Robot Learning},
  pages={1457--1467},
  year={2023},
  organization={PMLR}
}

@inproceedings{bi2019joint,
  title={Joint prediction for kinematic trajectories in vehicle-pedestrian-mixed scenes},
  author={Bi, Huikun and Fang, Zhong and Mao, Tianlu and Wang, Zhaoqi and Deng, Zhigang},
  booktitle={Proceedings of the IEEE/CVF International Conference on Computer Vision},
  pages={10383--10392},
  year={2019}
}

@inproceedings{zeng2021lanercnn,
  title={Lanercnn: Distributed representations for graph-centric motion forecasting},
  author={Zeng, Wenyuan and Liang, Ming and Liao, Renjie and Urtasun, Raquel},
  booktitle={2021 IEEE/RSJ International Conference on Intelligent Robots and Systems (IROS)},
  pages={532--539},
  year={2021},
  organization={IEEE}
}

@inproceedings{girgis2022latent,
  title={LATENT VARIABLE SEQUENTIAL SET TRANSFORMERS FOR JOINT MULTI-AGENT MOTION PREDICTION},
  author={Girgis, Roger and Golemo, Florian and Codevilla, Felipe and Weiss, Martin and D'Souza, Jim Aldon and Kahou, Samira E and Heide, Felix and Pal, Christopher},
  booktitle={10th International Conference on Learning Representations, ICLR 2022},
  year={2022}
}

@inproceedings{yang2023learn,
  title={Learn to Encode Heterogeneous Data: A Heterogeneous Aware Network for Multi-Future Trajectory Prediction},
  author={Yang, Zheng and Han, Bing and Chen, Weiming and Gao, Xinbo},
  booktitle={2023 International Joint Conference on Neural Networks (IJCNN)},
  pages={1--8},
  year={2023},
  organization={IEEE}
}

@article{gindele2015learning,
  title={Learning driver behavior models from traffic observations for decision making and planning},
  author={Gindele, Tobias and Brechtel, Sebastian and Dillmann, Rudiger},
  journal={IEEE Intelligent Transportation Systems Magazine},
  volume={7},
  number={1},
  pages={69--79},
  year={2015},
  publisher={IEEE}
}

@article{huang2021learning,
  title={Learning sparse interaction graphs of partially detected pedestrians for trajectory prediction},
  author={Huang, Zhe and Li, Ruohua and Shin, Kazuki and Driggs-Campbell, Katherine},
  journal={IEEE Robotics and Automation Letters},
  volume={7},
  number={2},
  pages={1198--1205},
  year={2021},
  publisher={IEEE}
}

@article{kang2022learning,
  title={Learning to predict diverse trajectory from human motion patterns},
  author={Kang, Miao and Fu, Jingwen and Zhou, Sanping and Zhang, Songyi and Zheng, Nanning},
  journal={Neurocomputing},
  volume={504},
  pages={123--131},
  year={2022},
  publisher={Elsevier}
}

@inproceedings{girase2021loki,
  title={Loki: Long term and key intentions for trajectory prediction},
  author={Girase, Harshayu and Gang, Haiming and Malla, Srikanth and Li, Jiachen and Kanehara, Akira and Mangalam, Karttikeya and Choi, Chiho},
  booktitle={Proceedings of the IEEE/CVF International Conference on Computer Vision},
  pages={9803--9812},
  year={2021}
}

@article{yang2023long,
  title={Long-short term spatio-temporal aggregation for trajectory prediction},
  author={Yang, Cuiliu and Pei, Zhao},
  journal={IEEE Transactions on Intelligent Transportation Systems},
  volume={24},
  number={4},
  pages={4114--4126},
  year={2023},
  publisher={IEEE}
}

@article{coscia2018long,
  title={Long-term path prediction in urban scenarios using circular distributions},
  author={Coscia, Pasquale and Castaldo, Francesco and Palmieri, Francesco AN and Alahi, Alexandre and Savarese, Silvio and Ballan, Lamberto},
  journal={Image and Vision Computing},
  volume={69},
  pages={81--91},
  year={2018},
  publisher={Elsevier}
}

@inproceedings{cui2021lookout,
  title={Lookout: Diverse multi-future prediction and planning for self-driving},
  author={Cui, Alexander and Casas, Sergio and Sadat, Abbas and Liao, Renjie and Urtasun, Raquel},
  booktitle={Proceedings of the IEEE/CVF International Conference on Computer Vision},
  pages={16107--16116},
  year={2021}
}

@inproceedings{wang2022ltp,
  title={Ltp: Lane-based trajectory prediction for autonomous driving},
  author={Wang, Jingke and Ye, Tengju and Gu, Ziqing and Chen, Junbo},
  booktitle={Proceedings of the IEEE/CVF Conference on Computer Vision and Pattern Recognition},
  pages={17134--17142},
  year={2022}
}

@inproceedings{sun2022m2i,
  title={M2i: From factored marginal trajectory prediction to interactive prediction},
  author={Sun, Qiao and Huang, Xin and Gu, Junru and Williams, Brian C and Zhao, Hang},
  booktitle={Proceedings of the IEEE/CVF Conference on Computer Vision and Pattern Recognition},
  pages={6543--6552},
  year={2022}
}

@article{hasan2023mals,
  title={MALS-Net: A multi-head attention-based LSTM sequence-to-sequence network for socio-temporal interaction modelling and trajectory prediction},
  author={Hasan, Fuad and Huang, Hailong},
  journal={Sensors},
  volume={23},
  number={1},
  pages={530},
  year={2023},
  publisher={MDPI}
}

@inproceedings{mersch2021maneuver,
  title={Maneuver-based trajectory prediction for self-driving cars using spatio-temporal convolutional networks},
  author={Mersch, Benedikt and H{\"o}llen, Thomas and Zhao, Kun and Stachniss, Cyrill and Roscher, Ribana},
  booktitle={2021 IEEE/RSJ International Conference on Intelligent Robots and Systems (IROS)},
  pages={4888--4895},
  year={2021},
  organization={IEEE}
}

@article{guo2023map,
  title={Map-enhanced generative adversarial trajectory prediction method for automated vehicles},
  author={Guo, Hongyan and Meng, Qingyu and Zhao, Xiaoming and Liu, Jun and Cao, Dongpu and Chen, Hong},
  journal={Information Sciences},
  volume={622},
  pages={1033--1049},
  year={2023},
  publisher={Elsevier}
}

@inproceedings{cheng2020mcenet,
  title={MCENET: Multi-context encoder network for homogeneous agent trajectory prediction in mixed traffic},
  author={Cheng, Hao and Liao, Wentong and Yang, Michael Ying and Sester, Monika and Rosenhahn, Bodo},
  booktitle={2020 IEEE 23rd International Conference on Intelligent Transportation Systems (ITSC)},
  pages={1--8},
  year={2020},
  organization={IEEE}
}

@article{liu2022mdst,
  title={MDST-DGCN: A Multilevel Dynamic Spatiotemporal Directed Graph Convolutional Network for Pedestrian Trajectory Prediction},
  author={Liu, Shaohua and Liu, Haibo and Wang, Yisu and Sun, Jingkai and Mao, Tianlu},
  journal={Computational intelligence and neuroscience},
  volume={2022},
  number={1},
  pages={4192367},
  year={2022},
  publisher={Wiley Online Library}
}

@article{li2024mfan,
  title={MFAN: Mixing Feature Attention Network for trajectory prediction},
  author={Li, Jingzhong and Yang, Lin and Chen, Yuxuan and Jin, Yue},
  journal={Pattern Recognition},
  volume={146},
  pages={109997},
  year={2024},
  publisher={Elsevier}
}

@inproceedings{vemula2017modeling,
  title={Modeling cooperative navigation in dense human crowds},
  author={Vemula, Anirudh and Muelling, Katharina and Oh, Jean},
  booktitle={2017 IEEE International Conference on Robotics and Automation (ICRA)},
  pages={1685--1692},
  year={2017},
  organization={IEEE}
}

@article{tripicchio2022modeling,
  title={Modeling multiple vehicle interaction constraints for behavior prediction of vehicles on highways},
  author={Tripicchio, Paolo and D’Avella, Salvatore},
  journal={Computers \& Electrical Engineering},
  volume={98},
  pages={107700},
  year={2022},
  publisher={Elsevier}
}

@inproceedings{lagoutaris2023motion,
  title={Motion Prediction Of Traffic Agents With Hybrid Recurrent-Convolutional Neural Networks},
  author={Lagoutaris, Vasileios and Moustakas, Konstantinos},
  booktitle={2023 24th International Conference on Digital Signal Processing (DSP)},
  pages={1--5},
  year={2023},
  organization={IEEE}
}

@inproceedings{casas2021mp3,
  title={Mp3: A unified model to map, perceive, predict and plan},
  author={Casas, Sergio and Sadat, Abbas and Urtasun, Raquel},
  booktitle={Proceedings of the IEEE/CVF Conference on Computer Vision and Pattern Recognition},
  pages={14403--14412},
  year={2021}
}

@inproceedings{zhao2019multi,
  title={Multi-agent tensor fusion for contextual trajectory prediction},
  author={Zhao, Tianyang and Xu, Yifei and Monfort, Mathew and Choi, Wongun and Baker, Chris and Zhao, Yibiao and Wang, Yizhou and Wu, Ying Nian},
  booktitle={Proceedings of the IEEE/CVF conference on computer vision and pattern recognition},
  pages={12126--12134},
  year={2019}
}

@inproceedings{jia2022multi,
  title={Multi-agent trajectory prediction by combining egocentric and allocentric views},
  author={Jia, Xiaosong and Sun, Liting and Zhao, Hang and Tomizuka, Masayoshi and Zhan, Wei},
  booktitle={Conference on Robot Learning},
  pages={1434--1443},
  year={2022},
  organization={PMLR}
}

@inproceedings{luo2022multi,
  title={Multi-Dimensional Spatial-Temporal Fusion for Pedestrian Trajectory Prediction},
  author={Luo, Tong and Shang, Huiliang and Li, Zengwen and Chen, Changxue},
  booktitle={2022 2nd International Conference on Networking Systems of AI (INSAI)},
  pages={170--174},
  year={2022},
  organization={IEEE}
}

@inproceedings{huang2022multi,
  title={Multi-modal motion prediction with transformer-based neural network for autonomous driving},
  author={Huang, Zhiyu and Mo, Xiaoyu and Lv, Chen},
  booktitle={2022 International Conference on Robotics and Automation (ICRA)},
  pages={2605--2611},
  year={2022},
  organization={IEEE}
}

@inproceedings{deo2018multi,
  title={Multi-modal trajectory prediction of surrounding vehicles with maneuver based lstms},
  author={Deo, Nachiket and Trivedi, Mohan M},
  booktitle={2018 IEEE intelligent vehicles symposium (IV)},
  pages={1179--1184},
  year={2018},
  organization={IEEE}
}

@article{tian2022multi,
  title={Multi-modal vehicle trajectory prediction by collaborative learning of lane orientation, vehicle interaction, and intention},
  author={Tian, Wei and Wang, Songtao and Wang, Zehan and Wu, Mingzhi and Zhou, Sihong and Bi, Xin},
  journal={Sensors},
  volume={22},
  number={11},
  pages={4295},
  year={2022},
  publisher={MDPI}
}

@article{wang2020multi,
  title={Multi-vehicle collaborative learning for trajectory prediction with spatio-temporal tensor fusion},
  author={Wang, Yu and Zhao, Shengjie and Zhang, Rongqing and Cheng, Xiang and Yang, Liuqing},
  journal={IEEE Transactions on Intelligent Transportation Systems},
  volume={23},
  number={1},
  pages={236--248},
  year={2020},
  publisher={IEEE}
}

@article{fei2020multi,
  title={Multi-modal vehicle trajectory prediction based on mutual information},
  author={Fei, Cong and He, Xiangkun and Ji, Xuewu},
  journal={IET Intelligent Transport Systems},
  volume={14},
  number={3},
  pages={148--153},
  year={2020},
  publisher={Wiley Online Library}
}

@inproceedings{shi2020multimodal,
  title={Multimodal interaction-aware trajectory prediction in crowded space},
  author={Shi, Xiaodan and Shao, Xiaowei and Fan, Zipei and Jiang, Renhe and Zhang, Haoran and Guo, Zhiling and Wu, Guangming and Yuan, Wei and Shibasaki, Ryosuke},
  booktitle={Proceedings of the AAAI Conference on Artificial Intelligence},
  volume={34},
  number={07},
  pages={11982--11989},
  year={2020}
}

@inproceedings{song2022multimodal,
  title={Multimodal Model Prediction of Pedestrian Trajectories Based on Graph Convolutional Neural Networks},
  author={Song, JiHong and Zhao, Yang},
  booktitle={2022 International Conference on Image Processing, Computer Vision and Machine Learning (ICICML)},
  pages={271--275},
  year={2022},
  organization={IEEE}
}

@inproceedings{roh2021multimodal,
  title={Multimodal trajectory prediction via topological invariance for navigation at uncontrolled intersections},
  author={Roh, Junha and Mavrogiannis, Christoforos and Madan, Rishabh and Fox, Dieter and Srinivasa, Siddhartha},
  booktitle={Conference on Robot Learning},
  pages={2216--2227},
  year={2021},
  organization={PMLR}
}

@inproceedings{chen2022multimodal,
  title={Multimodal vehicle trajectory prediction based on graph convolutional networks},
  author={Chen, Jianxiao and Chen, Guang and Li, Zhijun and Wu, Ya and Knoll, Alois},
  booktitle={2022 International Conference on Advanced Robotics and Mechatronics (ICARM)},
  pages={605--610},
  year={2022},
  organization={IEEE}
}

@article{wang2021multiple,
  title={Multiple contextual cues integrated trajectory prediction for autonomous driving},
  author={Wang, Li and Wu, Tao and Fu, Hao and Xiao, Liang and Wang, Zhiyu and Dai, Bin},
  journal={IEEE Robotics and Automation Letters},
  volume={6},
  number={4},
  pages={6844--6851},
  year={2021},
  publisher={IEEE}
}

@inproceedings{lee2022muse,
  title={Muse-vae: Multi-scale vae for environment-aware long term trajectory prediction},
  author={Lee, Mihee and Sohn, Samuel S and Moon, Seonghyeon and Yoon, Sejong and Kapadia, Mubbasir and Pavlovic, Vladimir},
  booktitle={Proceedings of the IEEE/CVF conference on computer vision and pattern recognition},
  pages={2221--2230},
  year={2022}
}

@inproceedings{su2022narrowing,
  title={Narrowing the coordinate-frame gap in behavior prediction models: Distillation for efficient and accurate scene-centric motion forecasting},
  author={Su, DiJia Andy and Douillard, Bertrand and Al-Rfou, Rami and Park, Cheol and Sapp, Benjamin},
  booktitle={2022 International Conference on Robotics and Automation (ICRA)},
  pages={653--659},
  year={2022},
  organization={IEEE}
}

@inproceedings{zhou2020attention,
  title={An Attention-Based Interaction-Aware Spatio-Temporal Graph Neural Network for Trajectory Prediction},
  author={Zhou, Hao and Ren, Dongchun and Xia, Huaxia and Fan, Mingyu and Yang, Xu and Huang, Hai},
  booktitle={Neural Information Processing: 27th International Conference, ICONIP 2020, Bangkok, Thailand, November 18--22, 2020, Proceedings, Part V 27},
  pages={38--45},
  year={2020},
  organization={Springer}
}

@inproceedings{xue2020take,
  title={Take a nap: Non-autoregressive prediction for pedestrian trajectories},
  author={Xue, Hao and Huynh, Du Q and Reynolds, Mark},
  booktitle={International Conference on Neural Information Processing},
  pages={544--556},
  year={2020},
  organization={Springer}
}

@inproceedings{fan2023trajectory,
  title={Trajectory Prediction with Contrastive Pre-training and Social Rank Fine-Tuning},
  author={Fan, Chenyou and Jiang, Haiqi and Huang, Aimin and Hu, Junjie},
  booktitle={International Conference on Neural Information Processing},
  pages={535--550},
  year={2023},
  organization={Springer}
}

@inproceedings{bae2022non,
  title={Non-probability sampling network for stochastic human trajectory prediction},
  author={Bae, Inhwan and Park, Jin-Hwi and Jeon, Hae-Gon},
  booktitle={Proceedings of the IEEE/CVF Conference on Computer Vision and Pattern Recognition},
  pages={6477--6487},
  year={2022}
}

@article{li2022online,
  title={Online multi-agent forecasting with interpretable collaborative graph neural networks},
  author={Li, Maosen and Chen, Siheng and Shen, Yanning and Liu, Genjia and Tsang, Ivor W and Zhang, Ya},
  journal={IEEE Transactions on Neural Networks and Learning Systems},
  volume={35},
  number={4},
  pages={4768--4782},
  year={2022},
  publisher={IEEE}
}

@inproceedings{zhao2022path,
  title={Path-based Multimodal Trajectories Prediction},
  author={Zhao, Ziqi and Duan, Yiping and Tao, Xiaoming},
  booktitle={2022 IEEE 96th Vehicular Technology Conference (VTC2022-Fall)},
  pages={1--5},
  year={2022},
  organization={IEEE}
}

@inproceedings{wang2023hei,
  title={HEI-GAN: A Human-Environment Interaction Based GAN for Multimodal Human Trajectory Prediction},
  author={Wang, Zihao and Chen, Xuguang and Wen, Sichao and Wang, Yaonong},
  booktitle={Chinese Conference on Pattern Recognition and Computer Vision (PRCV)},
  pages={359--370},
  year={2023},
  organization={Springer}
}

@inproceedings{he2020adversarial,
  title={An adversarial learned trajectory predictor with knowledge-rich latent variables},
  author={He, Caizhen and Yang, Biao and Chen, Lanping and Yan, Guocheng},
  booktitle={Chinese Conference on Pattern Recognition and Computer Vision (PRCV)},
  pages={42--53},
  year={2020},
  organization={Springer}
}

@inproceedings{li2021pecgan,
  title={PECGAN: Endpoint conditioned trajectory prediction via generative adversarial network},
  author={Li, Xiangyu and Peng, Yusheng and Wu, Wenming and Zhang, Gaofeng and Zheng, Liping},
  booktitle={2021 China Automation Congress (CAC)},
  pages={7411--7416},
  year={2021},
  organization={IEEE}
}

@article{saleh2022pedestrian,
  title={Pedestrian trajectory prediction for real-time autonomous systems via context-augmented transformer networks},
  author={Saleh, Khaled},
  journal={Sensors},
  volume={22},
  number={19},
  pages={7495},
  year={2022},
  publisher={MDPI}
}

@article{shi2019pedestrian,
  title={Pedestrian trajectory prediction in extremely crowded scenarios},
  author={Shi, Xiaodan and Shao, Xiaowei and Guo, Zhiling and Wu, Guangming and Zhang, Haoran and Shibasaki, Ryosuke},
  journal={Sensors},
  volume={19},
  number={5},
  pages={1223},
  year={2019},
  publisher={MDPI}
}

@inproceedings{sighencea2022pedestrian,
  title={Pedestrian Trajectory Prediction in Graph Representation Using Convolutional Neural Networks},
  author={Sighencea, Bogdan Ilie and Stanciu, Rare{\c{s}} Ion and C{\u{a}}leanu, C{\u{a}}t{\u{a}}lin Daniel},
  booktitle={2022 IEEE 16th International Symposium on Applied Computational Intelligence and Informatics (SACI)},
  pages={000243--000248},
  year={2022},
  organization={IEEE}
}

@inproceedings{khel2023pedestrian,
  title={Pedestrian Trajectory Prediction using BiLSTM with Spatial-Temporal Attention and Sparse Motion Fields},
  author={Khel, Muhammad Haris Kaka and Greaney, Paul and McAfee, Marion and Moffett, Sandra and Meehan, Kevin},
  booktitle={2023 34th Irish Signals and Systems Conference (ISSC)},
  pages={1--7},
  year={2023},
  organization={IEEE}
}

@inproceedings{bilro2022pedestrian,
  title={Pedestrian Trajectory Prediction Using LSTM and Sparse Motion Fields},
  author={Bilro, Pedro and Barata, Catarina and Marques, Jorge S},
  booktitle={2022 26th International Conference on Pattern Recognition (ICPR)},
  pages={3529--3535},
  year={2022},
  organization={IEEE}
}

@inproceedings{su2021pedestrian,
  title={Pedestrian trajectory prediction via spatial interaction transformer network},
  author={Su, Tong and Meng, Yu and Xu, Yan},
  booktitle={2021 IEEE Intelligent Vehicles Symposium Workshops (IV Workshops)},
  pages={154--159},
  year={2021},
  organization={IEEE}
}

@inproceedings{zhang2021pedestrian,
  title={Pedestrian trajectory prediction with MLP-social-GRU},
  author={Zhang, Yanbo and Zheng, Liying},
  booktitle={Proceedings of the 2021 13th International Conference on Machine Learning and Computing},
  pages={368--372},
  year={2021}
}

@inproceedings{rasouli2023pedformer,
  title={PedFormer: Pedestrian behavior prediction via cross-modal attention modulation and gated multitask learning},
  author={Rasouli, Amir and Kotseruba, Iuliia},
  booktitle={2023 IEEE International Conference on Robotics and Automation (ICRA)},
  pages={9844--9851},
  year={2023},
  organization={IEEE}
}

@inproceedings{sadat2020perceive,
  title={Perceive, predict, and plan: Safe motion planning through interpretable semantic representations},
  author={Sadat, Abbas and Casas, Sergio and Ren, Mengye and Wu, Xinyu and Dhawan, Pranaab and Urtasun, Raquel},
  booktitle={Computer Vision--ECCV 2020: 16th European Conference, Glasgow, UK, August 23--28, 2020, Proceedings, Part XXIII 16},
  pages={414--430},
  year={2020},
  organization={Springer}
}

@inproceedings{song2020pip,
  title={Pip: Planning-informed trajectory prediction for autonomous driving},
  author={Song, Haoran and Ding, Wenchao and Chen, Yuxuan and Shen, Shaojie and Wang, Michael Yu and Chen, Qifeng},
  booktitle={Computer Vision--ECCV 2020: 16th European Conference, Glasgow, UK, August 23--28, 2020, Proceedings, Part XXI 16},
  pages={598--614},
  year={2020},
  organization={Springer}
}

@inproceedings{rhinehart2019precog,
  title={Precog: Prediction conditioned on goals in visual multi-agent settings},
  author={Rhinehart, Nicholas and McAllister, Rowan and Kitani, Kris and Levine, Sergey},
  booktitle={Proceedings of the IEEE/CVF International Conference on Computer Vision},
  pages={2821--2830},
  year={2019}
}

@article{lao2023predicting,
  title={Predicting Pedestrian Trajectories with Deep Adversarial Networks Considering Motion and Spatial Information},
  author={Lao, Liming and Du, Dangkui and Chen, Pengzhan},
  journal={Algorithms},
  volume={16},
  number={12},
  pages={566},
  year={2023},
  publisher={MDPI}
}

@inproceedings{achaji2022pretr,
  title={Pretr: Spatio-temporal non-autoregressive trajectory prediction transformer},
  author={Achaji, Lina and Barry, Thierno and Fouqueray, Thibault and Moreau, Julien and Aioun, Francois and Charpillet, Francois},
  booktitle={2022 IEEE 25th International Conference on Intelligent Transportation Systems (ITSC)},
  pages={2457--2464},
  year={2022},
  organization={IEEE}
}

@inproceedings{xue2019pedestrian,
  title={Pedestrian trajectory prediction using a social pyramid},
  author={Xue, Hao and Huynh, Du Q and Reynolds, Mark},
  booktitle={PRICAI 2019: Trends in Artificial Intelligence: 16th Pacific Rim International Conference on Artificial Intelligence, Cuvu, Yanuca Island, Fiji, August 26--30, 2019, Proceedings, Part II 16},
  pages={439--453},
  year={2019},
  organization={Springer}
}

@article{eiffert2020probabilistic,
  title={Probabilistic crowd GAN: Multimodal pedestrian trajectory prediction using a graph vehicle-pedestrian attention network},
  author={Eiffert, Stuart and Li, Kunming and Shan, Mao and Worrall, Stewart and Sukkarieh, Salah and Nebot, Eduardo},
  journal={IEEE Robotics and Automation Letters},
  volume={5},
  number={4},
  pages={5026--5033},
  year={2020},
  publisher={IEEE}
}

@article{zhang2021probabilistic,
  title={Probabilistic trajectory prediction of heterogeneous traffic agents based on layered spatio-temporal graph},
  author={Zhang, Xuexiang and Zhang, Weiwei and Wu, Xuncheng and Cao, Wenguan},
  journal={Proceedings of the Institution of Mechanical Engineers, Part D: Journal of Automobile Engineering},
  volume={235},
  number={9},
  pages={2413--2424},
  year={2021},
  publisher={SAGE Publications Sage UK: London, England}
}

@article{lian2023ptp,
  title={Ptp-stgcn: pedestrian trajectory prediction based on a spatio-temporal graph convolutional neural network},
  author={Lian, Jing and Ren, Weiwei and Li, Linhui and Zhou, Yafu and Zhou, Bin},
  journal={Applied Intelligence},
  volume={53},
  number={3},
  pages={2862--2878},
  year={2023},
  publisher={Springer}
}

@article{yang2022ptpgc,
  title={PTPGC: Pedestrian trajectory prediction by graph attention network with ConvLSTM},
  author={Yang, Juan and Sun, Xu and Wang, Rong Gui and Xue, Li Xia},
  journal={Robotics and Autonomous Systems},
  volume={148},
  pages={103931},
  year={2022},
  publisher={Elsevier}
}

@article{sun2021reciprocal,
  title={Reciprocal twin networks for pedestrian motion learning and future path prediction},
  author={Sun, Hao and Zhao, Zhiqun and Yin, Zhaozheng and He, Zhihai},
  journal={IEEE Transactions on Circuits and Systems for Video Technology},
  volume={32},
  number={3},
  pages={1483--1497},
  year={2021},
  publisher={IEEE}
}

@inproceedings{huang2022recoat,
  title={Recoat: A deep learning-based framework for multi-modal motion prediction in autonomous driving application},
  author={Huang, Zhiyu and Mo, Xiaoyu and Lv, Chen},
  booktitle={2022 IEEE 25th International Conference on Intelligent Transportation Systems (ITSC)},
  pages={988--993},
  year={2022},
  organization={IEEE}
}

@inproceedings{kim2020recup,
  title={Recup net: Recursive prediction network for surrounding vehicle trajectory prediction with future trajectory feedback},
  author={Kim, Sanmin and Kum, Dongsuk and won Choi, Jun},
  booktitle={2020 IEEE 23rd international conference on intelligent transportation systems (ITSC)},
  pages={1--6},
  year={2020},
  organization={IEEE}
}

@inproceedings{guan2023research,
  title={Research on pedestrian trajectory prediction by GAN model based on LSTM},
  author={Guan, Huaiguang and Guo, Peng},
  booktitle={2023 IEEE 3rd International conference on power, electronics and computer applications (ICPECA)},
  pages={1400--1405},
  year={2023},
  organization={IEEE}
}

@inproceedings{hong2019rules,
  title={Rules of the road: Predicting driving behavior with a convolutional model of semantic interactions},
  author={Hong, Joey and Sapp, Benjamin and Philbin, James},
  booktitle={Proceedings of the IEEE/CVF Conference on Computer Vision and Pattern Recognition},
  pages={8454--8462},
  year={2019}
}

@inproceedings{chen2021s2tnet,
  title={S2tnet: Spatio-temporal transformer networks for trajectory prediction in autonomous driving},
  author={Chen, Weihuang and Wang, Fangfang and Sun, Hongbin},
  booktitle={Asian conference on machine learning},
  pages={454--469},
  year={2021},
  organization={PMLR}
}

@inproceedings{zhou2021sa,
  title={Sa-sgan: A vehicle trajectory prediction model based on generative adversarial networks},
  author={Zhou, Danyang and Wang, Huxiao and Li, Wei and Zhou, Yi and Cheng, Nan and Lu, Ning},
  booktitle={2021 IEEE 94th Vehicular Technology Conference (VTC2021-Fall)},
  pages={1--5},
  year={2021},
  organization={IEEE}
}

@article{kothari2023safety,
  title={Safety-compliant generative adversarial networks for human trajectory forecasting},
  author={Kothari, Parth and Alahi, Alexandre},
  journal={IEEE Transactions on Intelligent Transportation Systems},
  volume={24},
  number={4},
  pages={4251--4261},
  year={2023},
  publisher={IEEE}
}

@inproceedings{sekhon2021scan,
  title={SCAN: A spatial context attentive network for joint multi-agent intent prediction},
  author={Sekhon, Jasmine and Fleming, Cody},
  booktitle={Proceedings of the AAAI Conference on Artificial Intelligence},
  volume={35},
  number={7},
  pages={6119--6127},
  year={2021}
}

@inproceedings{ngiam2022scene,
  title={Scene Transformer: A unified architecture for predicting future trajectories of multiple agents},
  author={Ngiam, Jiquan and Vasudevan, Vijay and Caine, Benjamin and Zhang, Zhengdong and Chiang, Hao-Tien Lewis and Ling, Jeffrey and Roelofs, Rebecca and Bewley, Alex and Liu, Chenxi and Venugopal, Ashish and others},
  booktitle={International Conference on Learning Representations},
  year = 2022
}

@inproceedings{chen2022scept,
  title={Scept: Scene-consistent, policy-based trajectory predictions for planning},
  author={Chen, Yuxiao and Ivanovic, Boris and Pavone, Marco},
  booktitle={Proceedings of the IEEE/CVF conference on computer vision and pattern recognition},
  pages={17103--17112},
  year={2022}
}

@inproceedings{bhujel2021self,
  title={Self-critical learning of influencing factors for trajectory prediction using gated graph convolutional network},
  author={Bhujel, Niraj and Yun, Yau Wei and Wang, Han and Dwivedi, Vijay Prakash},
  booktitle={2021 IEEE/RSJ International Conference on Intelligent Robots and Systems (IROS)},
  pages={7904--7910},
  year={2021},
  organization={IEEE}
}

@inproceedings{haddad2020self,
  title={Self-growing spatial graph networks for pedestrian trajectory prediction},
  author={Haddad, Sirin and Lam, Siew-Kei},
  booktitle={Proceedings of the IEEE/CVF Winter conference on applications of computer vision},
  pages={1151--1159},
  year={2020}
}

@article{syed2023semantic,
  title={Semantic scene upgrades for trajectory prediction},
  author={Syed, Arsal and Morris, Brendan Tran},
  journal={Machine vision and applications},
  volume={34},
  number={2},
  pages={23},
  year={2023},
  publisher={Springer}
}

@inproceedings{shi2021sgcn,
  title={SGCN: Sparse graph convolution network for pedestrian trajectory prediction},
  author={Shi, Liushuai and Wang, Le and Long, Chengjiang and Zhou, Sanping and Zhou, Mo and Niu, Zhenxing and Hua, Gang},
  booktitle={Proceedings of the IEEE/CVF conference on computer vision and pattern recognition},
  pages={8994--9003},
  year={2021}
}

@inproceedings{lisotto2019social,
  title={Social and scene-aware trajectory prediction in crowded spaces},
  author={Lisotto, Matteo and Coscia, Pasquale and Ballan, Lamberto},
  booktitle={Proceedings of the IEEE/CVF International Conference on Computer Vision Workshops},
  pages={0--0},
  year={2019}
}

@inproceedings{liu2022social,
  title={Social graph transformer networks for pedestrian trajectory prediction in complex social scenarios},
  author={Liu, Yao and Yao, Lina and Li, Binghao and Wang, Xianzhi and Sammut, Claude},
  booktitle={Proceedings of the 31st ACM International Conference on Information \& Knowledge Management},
  pages={1339--1349},
  year={2022}
}

@inproceedings{shi2022social,
  title={Social interpretable tree for pedestrian trajectory prediction},
  author={Shi, Liushuai and Wang, Le and Long, Chengjiang and Zhou, Sanping and Zheng, Fang and Zheng, Nanning and Hua, Gang},
  booktitle={Proceedings of the AAAI Conference on Artificial Intelligence},
  volume={36},
  number={2},
  pages={2235--2243},
  year={2022}
}

@inproceedings{psalta2020social,
  title={Social pooling with edge convolutions on local connectivity graphs for human trajectory prediction in crowded scenes},
  author={Psalta, Athina and Tsironis, Vasileios and Karantzalos, Konstantinos and Spyropoulou, Ioanna},
  booktitle={2020 IEEE 23rd International Conference on Intelligent Transportation Systems (ITSC)},
  pages={1--6},
  year={2020},
  organization={IEEE}
}

@article{chen2022social,
  title={Social relation and physical lane aggregator: Integrating social and physical features for multimodal motion prediction},
  author={Chen, Qiyuan and Wei, Zebing and Wang, Xiao and Li, Lingxi and Lv, Yisheng},
  journal={Journal of Intelligent and Connected Vehicles},
  volume={5},
  number={3},
  pages={302--308},
  year={2022},
  publisher={TUP}
}

@inproceedings{amirian2019social,
  title={Social ways: Learning multi-modal distributions of pedestrian trajectories with gans},
  author={Amirian, Javad and Hayet, Jean-Bernard and Pettr{\'e}, Julien},
  booktitle={Proceedings of the IEEE/CVF Conference on Computer Vision and Pattern Recognition Workshops},
  pages={0--0},
  year={2019}
}

@inproceedings{shi2021social,
  title={Social-dpf: Socially acceptable distribution prediction of futures},
  author={Shi, Xiaodan and Shao, Xiaowei and Wu, Guangming and Zhang, Haoran and Guo, Zhiling and Jiang, Renhe and Shibasaki, Ryosuke},
  booktitle={Proceedings of the AAAI Conference on Artificial Intelligence},
  volume={35},
  number={3},
  pages={2550--2557},
  year={2021}
}

@inproceedings{xiang2024socialcvae,
  title={SocialCVAE: Predicting Pedestrian Trajectory via Interaction Conditioned Latents},
  author={Xiang, Wei and Haoteng, YIN and Wang, He and Jin, Xiaogang},
  booktitle={Proceedings of the AAAI Conference on Artificial Intelligence},
  volume={38},
  number={6},
  pages={6216--6224},
  year={2024}
}

@inproceedings{sun2019socially,
  title={Socially-aware graph convolutional network for human trajectory prediction},
  author={Sun, Yasheng and He, Tao and Hu, Jie and Huang, Haiqing and Chen, Biao},
  booktitle={2019 IEEE 3rd Information Technology, Networking, Electronic and Automation Control Conference (ITNEC)},
  pages={325--333},
  year={2019},
  organization={IEEE}
}

@article{fernando2018soft+,
  title={Soft+ hardwired attention: An lstm framework for human trajectory prediction and abnormal event detection},
  author={Fernando, Tharindu and Denman, Simon and Sridharan, Sridha and Fookes, Clinton},
  journal={Neural networks},
  volume={108},
  pages={466--478},
  year={2018},
  publisher={Elsevier}
}

@inproceedings{sadeghian2019sophie,
  title={Sophie: An attentive gan for predicting paths compliant to social and physical constraints},
  author={Sadeghian, Amir and Kosaraju, Vineet and Sadeghian, Ali and Hirose, Noriaki and Rezatofighi, Hamid and Savarese, Silvio},
  booktitle={Proceedings of the IEEE/CVF conference on computer vision and pattern recognition},
  pages={1349--1358},
  year={2019}
}

@article{wang2023spatio,
  title={Spatio-temporal context graph transformer design for map-free multi-agent trajectory prediction},
  author={Wang, Zhongning and Zhang, Jianwei and Chen, Jicheng and Zhang, Hui},
  journal={IEEE Transactions on Intelligent Vehicles},
  year={2023},
  publisher={IEEE}
}

@article{liu2024spatio,
  title={Spatio-temporal multi-graph transformer network for joint prediction of multiple vessel trajectories},
  author={Liu, Ryan Wen and Zheng, Weixin and Liang, Maohan},
  journal={Engineering Applications of Artificial Intelligence},
  volume={129},
  pages={107625},
  year={2024},
  publisher={Elsevier}
}

@inproceedings{cao2021spectral,
  title={Spectral temporal graph neural network for trajectory prediction},
  author={Cao, Defu and Li, Jiachen and Ma, Hengbo and Tomizuka, Masayoshi},
  booktitle={2021 IEEE International Conference on Robotics and Automation (ICRA)},
  pages={1839--1845},
  year={2021},
  organization={IEEE}
}

@article{peng2022srai,
  title={SRAI-LSTM: A social relation attention-based interaction-aware LSTM for human trajectory prediction},
  author={Peng, Yusheng and Zhang, Gaofeng and Shi, Jun and Xu, Benzhu and Zheng, Liping},
  journal={Neurocomputing},
  volume={490},
  pages={258--268},
  year={2022},
  publisher={Elsevier}
}

@inproceedings{dwivedi2020ssp,
  title={Ssp: Single shot future trajectory prediction},
  author={Dwivedi, Isht and Malla, Srikanth and Dariush, Behzad and Choi, Chiho},
  booktitle={2020 IEEE/RSJ International Conference on Intelligent Robots and Systems (IROS)},
  pages={2211--2218},
  year={2020},
  organization={IEEE}
}

@incollection{li2022st,
  title={ST-AGNN: Spatial-Temporal Attention Graph Neural Network for Pedestrian Trajectory Prediction},
  author={Li, Yonghong and Cui, Jiayi and Zhao, Zhiqiang and Li, Laquan},
  booktitle={Applied Mathematics, Modeling and Computer Simulation},
  pages={268--275},
  year={2022},
  publisher={IOS Press}
}

@article{liu2023stagp,
  title={STAGP: Spatio-Temporal Adaptive Graph Pooling Network for Pedestrian Trajectory Prediction},
  author={Liu, Zhening and He, Li and Yuan, Liang and Lv, Kai and Zhong, Runhao and Chen, Yaohua},
  journal={IEEE Robotics and Automation Letters},
  year={2023},
  publisher={IEEE}
}

@inproceedings{zhu2021star,
  title={Star topology based interaction for robust trajectory forecasting in dynamic scene},
  author={Zhu, Yanliang and Ren, Dongchun and Qian, Deheng and Fan, Mingyu and Li, Xin and Xia, Huaxia},
  booktitle={2021 IEEE International Conference on Robotics and Automation (ICRA)},
  pages={3255--3261},
  year={2021},
  organization={IEEE}
}

@inproceedings{janjovs2022starnet,
  title={StarNet: Joint action-space prediction with star graphs and implicit global-frame self-attention},
  author={Janjo{\v{s}}, Faris and Dolgov, Maxim and Z{\"o}llner, J Marius},
  booktitle={2022 IEEE Intelligent Vehicles Symposium (IV)},
  pages={280--286},
  year={2022},
  organization={IEEE}
}

@article{zhou2023static,
  title={Static-dynamic global graph representation for pedestrian trajectory prediction},
  author={Zhou, Hao and Yang, Xu and Fan, Mingyu and Huang, Hai and Ren, Dongchun and Xia, Huaxia},
  journal={Knowledge-Based Systems},
  volume={277},
  pages={110775},
  year={2023},
  publisher={Elsevier}
}

@article{liang2023stglow,
  title={STGlow: A flow-based generative framework with dual-graphormer for pedestrian trajectory prediction},
  author={Liang, Rongqin and Li, Yuanman and Zhou, Jiantao and Li, Xia},
  journal={IEEE transactions on neural networks and learning systems},
  year={2023},
  publisher={IEEE}
}

@inproceedings{syed2021stgt,
  title={STGT: Forecasting pedestrian motion using spatio-temporal graph transformer},
  author={Syed, Arsal and Morris, Brendan},
  booktitle={2021 IEEE Intelligent Vehicles Symposium (IV)},
  pages={1553--1558},
  year={2021},
  organization={IEEE}
}

@article{chen2024stigcn,
  title={STIGCN: spatial--temporal interaction-aware graph convolution network for pedestrian trajectory prediction},
  author={Chen, Wangxing and Sang, Haifeng and Wang, Jinyu and Zhao, Zishan},
  journal={The Journal of Supercomputing},
  volume={80},
  number={8},
  pages={10695--10719},
  year={2024},
  publisher={Springer}
}

@inproceedings{peng2021stirnet,
  title={Stirnet: A spatial-temporal interaction-aware recursive network for human trajectory prediction},
  author={Peng, Yusheng and Zhang, Gaofeng and Li, Xiangyu and Zheng, Liping},
  booktitle={Proceedings of the IEEE/CVF International Conference on Computer Vision},
  pages={2285--2293},
  year={2021}
}

@article{jin2022structure,
  title={Structure entropy minimization-based dynamic social interaction modeling for trajectory prediction},
  author={Jin, Yuhui and Yang, Sixun and Lv, Weifeng and Yu, Haitao and Zhu, Sainan and Huang, Jian},
  journal={Information Sciences},
  volume={614},
  pages={170--184},
  year={2022},
  publisher={Elsevier}
}

@inproceedings{xie2022synchronous,
  title={Synchronous Bi-directional pedestrian trajectory prediction with error compensation},
  author={Xie, Ce and Li, Yuanman and Liang, Rongqin and Dong, Li and Li, Xia},
  booktitle={Proceedings of the Asian Conference on Computer Vision},
  pages={2796--2812},
  year={2022}
}

@article{li2021temporal,
  title={Temporal pyramid network with spatial-temporal attention for pedestrian trajectory prediction},
  author={Li, Yuanman and Liang, Rongqin and Wei, Wei and Wang, Wei and Zhou, Jiantao and Li, Xia},
  journal={IEEE Transactions on Network Science and Engineering},
  volume={9},
  number={3},
  pages={1006--1019},
  year={2021},
  publisher={IEEE}
}

@article{limeros2023towards,
  title={Towards explainable motion prediction using heterogeneous graph representations},
  author={Limeros, Sandra Carrasco and Majchrowska, Sylwia and Johnander, Joakim and Petersson, Christoffer and Llorca, David Fern{\'a}ndez},
  journal={Transportation Research Part C: Emerging Technologies},
  volume={157},
  pages={104405},
  year={2023},
  publisher={Elsevier}
}

@article{li2022tragcan,
  title={Tragcan: Trajectory prediction of heterogeneous traffic agents in iov systems},
  author={Li, Jie and Shi, Han and Guo, Yue and Han, Guangjie and Yu, Ruiyun and Wang, Xingwei},
  journal={IEEE Internet of Things Journal},
  volume={10},
  number={8},
  pages={7100--7113},
  year={2022},
  publisher={IEEE}
}

@article{su2022trajectory,
  title={Trajectory forecasting based on prior-aware directed graph convolutional neural network},
  author={Su, Yuchao and Du, Jie and Li, Yuanman and Li, Xia and Liang, Rongqin and Hua, Zhongyun and Zhou, Jiantao},
  journal={IEEE Transactions on Intelligent Transportation Systems},
  volume={23},
  number={9},
  pages={16773--16785},
  year={2022},
  publisher={IEEE}
}

@article{yang2023trajectory,
  title={Trajectory Forecasting Using Graph Convolutional Neural Networks Based on Prior Awareness and Information Fusion},
  author={Yang, Zhuangzhuang and Pang, Chengxin and Zeng, Xinhua},
  journal={ISPRS International Journal of Geo-Information},
  volume={12},
  number={2},
  pages={77},
  year={2023},
  publisher={MDPI}
}

@article{zhang2022trajectory,
  title={Trajectory prediction for autonomous driving using spatial-temporal graph attention transformer},
  author={Zhang, Kunpeng and Feng, Xiaoliang and Wu, Lan and He, Zhengbing},
  journal={IEEE Transactions on Intelligent Transportation Systems},
  volume={23},
  number={11},
  pages={22343--22353},
  year={2022},
  publisher={IEEE}
}

@inproceedings{liu2022trajectory,
  title={Trajectory Prediction for Human-driven Vehicles Based on a Combined Method of Deep Neural Network and Driving Risk Map},
  author={Liu, Xulei and Wang, Yafei and Duan, Boyu and Zhou, Guofeng and Yin, Chengliang},
  booktitle={2022 6th CAA International Conference on Vehicular Control and Intelligence (CVCI)},
  pages={1--6},
  year={2022},
  organization={IEEE}
}

@inproceedings{qian2022trajectory,
  title={Trajectory Prediction from Hierarchical Perspective},
  author={Qian, Tangwen and Xu, Yongjun and Zhang, Zhao and Wang, Fei},
  booktitle={Proceedings of the 30th ACM International Conference on Multimedia},
  pages={6822--6830},
  year={2022}
}

@inproceedings{liao2023trajectory,
  title={Trajectory Prediction in the Complex Junction Scene Using Information Fusion and Behavior Pattern Recognition},
  author={Liao, Yanzhen and Yang, Hanqing and Huang, Feifan and Feng, Ce and Gao, Hongbo and Jiang, Ruhai},
  booktitle={2023 IEEE International Conference on Unmanned Systems (ICUS)},
  pages={1673--1679},
  year={2023},
  organization={IEEE}
}

@inproceedings{wu2023tsgn,
  title={TSGN: Temporal Scene Graph Neural Networks with Projected Vectorized Representation for Multi-Agent Motion Prediction},
  author={Wu, Yunong and Gilles, Thomas and Stanciulescu, Bogdan and Moutarde, Fabien},
  booktitle={2023 IEEE Intelligent Vehicles Symposium (IV)},
  pages={1--8},
  year={2023},
  organization={IEEE}
}

@article{franco2023under,
  title={Under the hood of transformer networks for trajectory forecasting},
  author={Franco, Luca and Placidi, Leonardo and Giuliari, Francesco and Hasan, Irtiza and Cristani, Marco and Galasso, Fabio},
  journal={Pattern Recognition},
  volume={138},
  pages={109372},
  year={2023},
  publisher={Elsevier}
}

@inproceedings{zheng2021unlimited,
  title={Unlimited neighborhood interaction for heterogeneous trajectory prediction},
  author={Zheng, Fang and Wang, Le and Zhou, Sanping and Tang, Wei and Niu, Zhenxing and Zheng, Nanning and Hua, Gang},
  booktitle={Proceedings of the IEEE/CVF International Conference on Computer Vision},
  pages={13168--13177},
  year={2021}
}

@inproceedings{wang2019unsupervised,
  title={Unsupervised pedestrian trajectory prediction with graph neural networks},
  author={Wang, Mingkun and Shi, Dianxi and Guan, Naiyang and Zhang, Tao and Wang, Liujing and Li, Ruoxiang},
  booktitle={2019 IEEE 31st International Conference on Tools with Artificial Intelligence (ICTAI)},
  pages={832--839},
  year={2019},
  organization={IEEE}
}

@inproceedings{yang2022vehicle,
  title={Vehicle trajectory prediction based on LSTM network},
  author={Yang, Zhifang and Liu, Dun and Ma, Li},
  booktitle={2022 International Conference on Artificial Intelligence and Computer Information Technology (AICIT)},
  pages={1--4},
  year={2022},
  organization={IEEE}
}

@article{lu2022vehicle,
  title={Vehicle trajectory prediction in connected environments via heterogeneous context-aware graph convolutional networks},
  author={Lu, Yuhuan and Wang, Wei and Hu, Xiping and Xu, Pengpeng and Zhou, Shengwei and Cai, Ming},
  journal={IEEE Transactions on intelligent transportation systems},
  volume={24},
  number={8},
  pages={8452--8464},
  year={2022},
  publisher={IEEE}
}

@article{guo2022vehicle,
  title={Vehicle trajectory prediction method coupled with ego vehicle motion trend under dual attention mechanism},
  author={Guo, Hongyan and Meng, Qingyu and Cao, Dongpu and Chen, Hong and Liu, Jun and Shang, Bingxu},
  journal={IEEE Transactions on Instrumentation and Measurement},
  volume={71},
  pages={1--16},
  year={2022},
  publisher={IEEE}
}

@article{scholler2020constant,
  title={What the constant velocity model can teach us about pedestrian motion prediction},
  author={Sch{\"o}ller, Christoph and Aravantinos, Vincent and Lay, Florian and Knoll, Alois},
  journal={IEEE Robotics and Automation Letters},
  volume={5},
  number={2},
  pages={1696--1703},
  year={2020},
  publisher={IEEE}
}

@article{khandelwal2020if,
  title={What-if motion prediction for autonomous driving},
  author={Khandelwal, Siddhesh and Qi, William and Singh, Jagjeet and Hartnett, Andrew and Ramanan, Deva},
  journal={arXiv preprint arXiv:2008.10587},
  year={2020}
}

@inproceedings{wang2023wsip,
  title={Wsip: Wave superposition inspired pooling for dynamic interactions-aware trajectory prediction},
  author={Wang, Renzhi and Wang, Senzhang and Yan, Hao and Wang, Xiang},
  booktitle={Proceedings of the AAAI Conference on Artificial Intelligence},
  volume={37},
  number={4},
  pages={4685--4692},
  year={2023}
}

@inproceedings{liang2020garden,
  title={The garden of forking paths: Towards multi-future trajectory prediction},
  author={Liang, Junwei and Jiang, Lu and Murphy, Kevin and Yu, Ting and Hauptmann, Alexander},
  booktitle={Proceedings of the IEEE/CVF conference on computer vision and pattern recognition},
  pages={10508--10518},
  year={2020}
}

@article{jagadish2022conditional,
  title={Conditional Variational Autoencoder Networks for Autonomous Vehicle Path Prediction},
  author={Jagadish, DN and Chauhan, Arun and Mahto, Lakshman},
  journal={Neural Processing Letters},
  volume={54},
  number={5},
  pages={3965--3978},
  year={2022},
  publisher={Springer}
}

@inproceedings{park2020diverse,
  title={Diverse and admissible trajectory forecasting through multimodal context understanding},
  author={Park, Seong Hyeon and Lee, Gyubok and Seo, Jimin and Bhat, Manoj and Kang, Minseok and Francis, Jonathan and Jadhav, Ashwin and Liang, Paul Pu and Morency, Louis-Philippe},
  booktitle={Computer Vision--ECCV 2020: 16th European Conference, Glasgow, UK, August 23--28, 2020, Proceedings, Part XI 16},
  pages={282--298},
  year={2020},
  organization={Springer}
}

@article{li2021grin,
  title={Grin: Generative relation and intention network for multi-agent trajectory prediction},
  author={Li, Longyuan and Yao, Jian and Wenliang, Li and He, Tong and Xiao, Tianjun and Yan, Junchi and Wipf, David and Zhang, Zheng},
  journal={Advances in Neural Information Processing Systems},
  volume={34},
  pages={27107--27118},
  year={2021}
}

@inproceedings{choi2022hierarchical,
  title={Hierarchical latent structure for multi-modal vehicle trajectory forecasting},
  author={Choi, Dooseop and Min, KyoungWook},
  booktitle={European Conference on Computer Vision},
  pages={129--145},
  year={2022},
  organization={Springer}
}

@inproceedings{huang2022hyper,
  title={HYPER: Learned hybrid trajectory prediction via factored inference and adaptive sampling},
  author={Huang, Xin and Rosman, Guy and Gilitschenski, Igor and Jasour, Ashkan and McGill, Stephen G and Leonard, John J and Williams, Brian C},
  booktitle={2022 International Conference on Robotics and Automation (ICRA)},
  pages={2906--2912},
  year={2022},
  organization={IEEE}
}

@article{chen2022intention,
  title={Intention-aware vehicle trajectory prediction based on spatial-temporal dynamic attention network for internet of vehicles},
  author={Chen, Xiaobo and Zhang, Huanjia and Zhao, Feng and Hu, Yu and Tan, Chenkai and Yang, Jian},
  journal={IEEE Transactions on Intelligent Transportation Systems},
  volume={23},
  number={10},
  pages={19471--19483},
  year={2022},
  publisher={IEEE}
}

@inproceedings{dendorfer2021mg,
  title={Mg-gan: A multi-generator model preventing out-of-distribution samples in pedestrian trajectory prediction},
  author={Dendorfer, Patrick and Elflein, Sven and Leal-Taix{\'e}, Laura},
  booktitle={Proceedings of the IEEE/CVF International Conference on Computer Vision},
  pages={13158--13167},
  year={2021}
}

@inproceedings{de2021social,
  title={Social-vrnn: One-shot multi-modal trajectory prediction for interacting pedestrians},
  author={de Brito, Bruno Ferreira and Zhu, Hai and Pan, Wei and Alonso-Mora, Javier},
  booktitle={Conference on Robot Learning},
  pages={862--872},
  year={2021},
  organization={PMLR}
}

@inproceedings{sun2021three,
  title={Three steps to multimodal trajectory prediction: Modality clustering, classification and synthesis},
  author={Sun, Jianhua and Li, Yuxuan and Fang, Hao-Shu and Lu, Cewu},
  booktitle={Proceedings of the IEEE/CVF International Conference on Computer Vision},
  pages={13250--13259},
  year={2021}
}

@inproceedings{pang2021trajectory,
  title={Trajectory prediction with latent belief energy-based model},
  author={Pang, Bo and Zhao, Tianyang and Xie, Xu and Wu, Ying Nian},
  booktitle={Proceedings of the IEEE/CVF Conference on Computer Vision and Pattern Recognition},
  pages={11814--11824},
  year={2021}
}

@article{tang2019multiple,
  title={Multiple futures prediction},
  author={Tang, Charlie and Salakhutdinov, Russ R},
  journal={Advances in neural information processing systems},
  volume={32},
  year={2019}
}

@inproceedings{ridel2019understanding,
  title={Understanding pedestrian-vehicle interactions with vehicle mounted vision: An LSTM model and empirical analysis},
  author={Ridel, Daniela A and Deo, Nachiket and Wolf, Denis and Trivedi, Mohan},
  booktitle={2019 IEEE Intelligent Vehicles Symposium (IV)},
  pages={913--918},
  year={2019},
  organization={IEEE}
}

@inproceedings{hasan2018mx,
  title={Mx-lstm: mixing tracklets and vislets to jointly forecast trajectories and head poses},
  author={Hasan, Irtiza and Setti, Francesco and Tsesmelis, Theodore and Del Bue, Alessio and Galasso, Fabio and Cristani, Marco},
  booktitle={Proceedings of the IEEE Conference on Computer Vision and Pattern Recognition},
  pages={6067--6076},
  year={2018}
}

@inproceedings{su2022crossmodal,
  title={Crossmodal transformer based generative framework for pedestrian trajectory prediction},
  author={Su, Zhaoxin and Huang, Gang and Zhang, Sanyuan and Hua, Wei},
  booktitle={2022 International Conference on Robotics and Automation (ICRA)},
  pages={2337--2343},
  year={2022},
  organization={IEEE}
}

@article{kress2022pose,
  title={Pose and semantic map based probabilistic forecast of vulnerable road users’ trajectories},
  author={Kress, Viktor and Jeske, Fabian and Zernetsch, Stefan and Doll, Konrad and Sick, Bernhard},
  journal={IEEE Transactions on Intelligent Vehicles},
  volume={8},
  number={3},
  pages={2592--2603},
  year={2022},
  publisher={IEEE}
}

@inproceedings{pool2019context,
  title={Context-based cyclist path prediction using recurrent neural networks},
  author={Pool, Ewoud AI and Kooij, Julian FP and Gavrila, Dariu M},
  booktitle={2019 IEEE Intelligent Vehicles Symposium (IV)},
  pages={824--830},
  year={2019},
  organization={IEEE}
}

@article{blaiotta2019learning,
  title={Learning generative socially aware models of pedestrian motion},
  author={Blaiotta, Claudia},
  journal={IEEE Robotics and Automation Letters},
  volume={4},
  number={4},
  pages={3433--3440},
  year={2019},
  publisher={IEEE}
}

@article{minguez2018pedestrian,
  title={Pedestrian path, pose, and intention prediction through gaussian process dynamical models and pedestrian activity recognition},
  author={M{\'\i}nguez, Ra{\'u}l Quintero and Alonso, Ignacio Parra and Fern{\'a}ndez-Llorca, David and Sotelo, Miguel Angel},
  journal={IEEE Transactions on Intelligent Transportation Systems},
  volume={20},
  number={5},
  pages={1803--1814},
  year={2018},
  publisher={IEEE}
}

@article{tran2014activity,
  title={Activity analysis in crowded environments using social cues for group discovery and human interaction modeling},
  author={Tran, Khai N and Gala, Apurva and Kakadiaris, Ioannis A and Shah, Shishir K},
  journal={Pattern Recognition Letters},
  volume={44},
  pages={49--57},
  year={2014},
  publisher={Elsevier}
}








# d) Social Robots
@inproceedings{cui2021learning,
	title        = {{Learning World Transition Model for Socially Aware Robot Navigation}},
	author       = {Cui, Yuxiang and Zhang, Haodong and Wang, Yue and Xiong, Rong},
	year         = {2021},
	booktitle    = {{2021 IEEE International Conference on Robotics and Automation (ICRA)}},
	volume       = {},
	number       = {},
	pages        = {9262--9268},
	doi          = {10.1109/ICRA48506.2021.9561973},
	publisher    = {IEEE Computer Society},
	address      = {Los Alamitos, CA, USA},
	location     = {Xi'an, China}
}

@inproceedings{kiss2021probabilistic,
	title        = {{Probabilistic Dynamic Crowd Prediction for Social Navigation}},
	author       = {Kiss, Stefan H. and Katuwandeniya, Kavindie and Alempijevic, Alen and Vidal-Calleja, Teresa},
	year         = {2021},
	booktitle    = {{2021 IEEE International Conference on Robotics and Automation (ICRA)}},
	volume       = {},
	number       = {},
	pages        = {9269--9275},
	doi          = {10.1109/ICRA48506.2021.9561053},
	numpages     = {7},
	publisher    = {IEEE Computer Society},
	address      = {Los Alamitos, CA, USA},
	location     = {Xi'an, China}
}

@INPROCEEDINGS{everett2018motion,
	author={Everett, Michael and Chen, Yu Fan and How, Jonathan P.},
	booktitle={2018 IEEE/RSJ International Conference on Intelligent Robots and Systems (IROS)}, 
	title={Motion Planning Among Dynamic, Decision-Making Agents with Deep Reinforcement Learning}, 
	year={2018},
	volume={},
	number={},
	pages={3052-3059},
	doi={10.1109/IROS.2018.8593871}
}

@INPROCEEDINGS{long2018towards,
	author={Long, Pinxin and Fan, Tingxiang and Liao, Xinyi and Liu, Wenxi and Zhang, Hao and Pan, Jia},
	booktitle={2018 IEEE International Conference on Robotics and Automation (ICRA)}, 
	title={Towards Optimally Decentralized Multi-Robot Collision Avoidance via Deep Reinforcement Learning}, 
	year={2018},
	volume={},
	number={},
	pages={6252-6259},
	doi={10.1109/ICRA.2018.8461113}
}

@INPROCEEDINGS{chen2017decentralized,
	author={Chen, Yu Fan and Liu, Miao and Everett, Michael and How, Jonathan P.},
	booktitle={2017 IEEE International Conference on Robotics and Automation (ICRA)}, 
	title={Decentralized non-communicating multiagent collision avoidance with deep reinforcement learning},
	year={2017},
	volume={},
	number={},
	pages={285-292},
	doi={10.1109/ICRA.2017.7989037}
}

@INPROCEEDINGS{chen2017socially,
	author={Chen, Yu Fan and Everett, Michael and Liu, Miao and How, Jonathan P.},
	booktitle={2017 IEEE/RSJ International Conference on Intelligent Robots and Systems (IROS)}, 
	title={Socially aware motion planning with deep reinforcement learning}, 
	year={2017},
	volume={},
	number={},
	pages={1343-1350},
	doi={10.1109/IROS.2017.8202312}
}

@INPROCEEDINGS{vasquez2014inverse,
	author={Vasquez, Dizan and Okal, Billy and Arras, Kai O.},
	booktitle={2014 IEEE/RSJ International Conference on Intelligent Robots and Systems}, 
	title={Inverse Reinforcement Learning algorithms and features for robot navigation in crowds: An experimental comparison}, 
	year={2014},
	volume={},
	number={},
	pages={1341-1346},
	keywords={Navigation;Vectors;Robots;Tin;Silicon;Vehicles;Airports},
	doi={10.1109/IROS.2014.6942731}
}

@INPROCEEDINGS{okal2016learning,
	author={Okal, Billy and Arras, Kai O.},
	booktitle={2016 IEEE International Conference on Robotics and Automation (ICRA)}, 
	title={Learning socially normative robot navigation behaviors with Bayesian inverse reinforcement learning}, 
	year={2016},
	volume={},
	number={},
	pages={2889-2895},
	keywords={Navigation;Trajectory;Mobile robots;Bayes methods;Learning (artificial intelligence);Measurement},
	doi={10.1109/ICRA.2016.7487452}
}

@article{kretzschmar2016socially,
	author = {Henrik Kretzschmar and Markus Spies and Christoph Sprunk and Wolfram Burgard},
	title ={Socially compliant mobile robot navigation via inverse reinforcement learning},
	journal = {The International Journal of Robotics Research},
	volume = {35},
	number = {11},
	pages = {1289-1307},
	year = {2016},
	doi = {10.1177/0278364915619772},
	URL = {https://doi.org/10.1177/0278364915619772},
	eprint = {https://doi.org/10.1177/0278364915619772},
}

@inproceedings{salzmann2020trajectron++,
	title        = {{Trajectron++: Dynamically-Feasible Trajectory Forecasting with Heterogeneous Data}},
	author       = {Salzmann, Tim and Ivanovic, Boris and Chakravarty, Punarjay and Pavone, Marco},
	year         = {2020},
	doi	     = {10.1007/978-3-030-58523-5_40},
	booktitle    = {{Computer Vision -- ECCV 2020}},
	publisher    = {Springer International Publishing},
	address      = {Cham},
	pages        = {683--700},
	isbn         = {978-3-030-58523-5},
	editor       = {Vedaldi, Andrea and Bischof, Horst and Brox, Thomas and Frahm, Jan-Michael},
}

@InProceedings{lee2017desire,
	author = {Lee, Namhoon and Choi, Wongun and Vernaza, Paul and Choy, Christopher B. and Torr, Philip H. S. and Chandraker, Manmohan},
	title = {DESIRE: Distant Future Prediction in Dynamic Scenes With Interacting Agents},
	booktitle = {Proceedings of the IEEE Conference on Computer Vision and Pattern Recognition (CVPR)},
	month = {July},
	year = {2017}
} 

@inproceedings{narayanan2023ewarenet,
	title        = {{EWareNet: Emotion-Aware Pedestrian Intent Prediction and Adaptive Spatial Profile Fusion for Social Robot Navigation}},
	author       = {Narayanan, Venkatraman and Manoghar, Bala Murali and RV, Rama Prashanth and Bera, Aniket},
	year         = {2023},
	booktitle    = {{2023 IEEE International Conference on Robotics and Automation (ICRA)}},
	volume       = {},
	number       = {},
	pages        = {7569--7575},
	doi          = {10.1109/ICRA48891.2023.10161504},
	publisher    = {IEEE Computer Society},
	address      = {Los Alamitos, CA, USA},
	location     = {London, United Kingdom}
}

@inproceedings{tsai2020generative,
	title        = {{A Generative Approach for Socially Compliant Navigation}},
	author       = {Tsai, Chieh-En and Oh, Jean},
	year         = {2020},
	booktitle    = {{2020 IEEE International Conference on Robotics and Automation (ICRA)}},
	volume       = {},
	number       = {},
	pages        = {2160--2166},
	doi          = {10.1109/ICRA40945.2020.9197497},
	publisher    = {IEEE Computer Society},
	address      = {Los Alamitos, CA, USA},
	location      = {Paris, France}
}

@inproceedings{messaoud2021trajectory,
	title        = {{Trajectory Prediction for Autonomous Driving based on Multi-Head Attention with Joint Agent-Map Representation}},
	author       = {Messaoud, Kaouther and Deo, Nachiket and Trivedi, Mohan M. and Nashashibi, Fawzi},
	year         = {2021},
	booktitle    = {{2021 IEEE Intelligent Vehicles Symposium (IV)}},
	volume       = {},
	number       = {},
	pages        = {165--170},
	doi          = {10.1109/IV48863.2021.9576054},
	publisher    = {IEEE Computer Society},
	address      = {Los Alamitos, CA, USA},
	location     = {Nagoya, Japan}
}

# Thesis
@phdthesis{singamaneni:tel-04006782,
  TITLE = {{Combining proactive planning and situation analysis for human-aware robot navigation}},
  AUTHOR = {Singamaneni, Phani Teja},
  URL = {https://theses.hal.science/tel-04006782},
  NUMBER = {2022TOU30226},
  SCHOOL = {{Universit{\'e} Paul Sabatier - Toulouse III}},
  YEAR = {2022},
  MONTH = Dec,
  KEYWORDS = {Human and robot interaction ; Motion Planning ; Cognitive robotics ; Interaction homme-robot ; Planification des mouvements ; Robotique cognitive},
  TYPE = {Theses},
  PDF = {https://theses.hal.science/tel-04006782v2/file/2022TOU30226a.pdf},
  HAL_ID = {tel-04006782},
  HAL_VERSION = {v2},
}


# Trajectory Similarity
# a) Clustering
@CONFERENCE{morris2009learning,
	author = {Morris, Brendan and Trivedi, Mohan},
	title = {Learning trajectory patterns by clustering: Experimental studies and comparative evaluation},
	year = {2009},
	journal = {2009 IEEE Conference on Computer Vision and Pattern Recognition, CVPR 2009},
	pages = {312 – 319},
	doi = {10.1109/CVPRW.2009.5206559},
	url = {https://www.scopus.com/inward/record.uri?eid=2-s2.0-70450169892&doi=10.1109%2fCVPRW.2009.5206559&partnerID=40&md5=66a374e74f9d5bdfcb8b3aa5ca02cdb0},
	type = {Conference paper},
	publication_stage = {Final},
	source = {Scopus},
	note = {Cited by: 200}
}

# b) Numerical Methods
@inproceedings{yi1998efficient,
    title        = {{Efficient retrieval of similar time sequences under time warping}},
    author       = {Byoung-Kee Yi and Jagadish, H.V. and Faloutsos, C.},
    year         = {1998},
    booktitle    = {{Proceedings 14th International Conference on Data Engineering}},
    volume       = {},
    number       = {},
    pages        = {201--208},
    doi          = {10.1109/ICDE.1998.655778},
    month        = {feb},
    isbn         = {0818682892},
    publisher    = {IEEE Computer Society},
    address      = {Los Alamitos, CA, USA},
}
@article{maier1978complexity,
    title        = {{The Complexity of Some Problems on Subsequences and Supersequences}},
    author       = {Maier, David},
    year         = {1978},
    month        = {apr},
    journal      = {J. ACM},
    publisher    = {Association for Computing Machinery},
    address      = {New York, NY, USA},
    volume       = {25},
    number       = {2},
    pages        = {322–336},
    doi          = {10.1145/322063.322075},
    issn         = {0004-5411},
    url          = {https://doi.org/10.1145/322063.322075},
    issue_date   = {April 1978},
    numpages     = {15}
}
@inproceedings{chen2005robust,
    title        = {{Robust and fast similarity search for moving object trajectories}},
    author       = {Chen, Lei and \"{O}zsu, M. Tamer and Oria, Vincent},
    year         = {2005},
    booktitle    = {{Proceedings of the 2005 ACM SIGMOD International Conference on Management of Data}},
    location     = {Baltimore, Maryland},
    publisher    = {Association for Computing Machinery},
    address      = {New York, NY, USA},
    series       = {SIGMOD '05},
    pages        = {491–502},
    doi          = {10.1145/1066157.1066213},
    isbn         = {1595930604},
    url          = {https://doi.org/10.1145/1066157.1066213},
    numpages     = {12}
}
@inproceedings{chen2004marriage,
    title        = {{On the marriage of lp-norms and edit distance}},
    author       = {Chen, Lei and Ng, Raymond},
    year         = {2004},
    booktitle    = {{Proceedings of the Thirtieth international conference on Very large data bases-Volume 30}},
    pages        = {792--803},
    numpages     = {12},
    location     = {Toronto, Canada},
    series       = {VLDB '04},
    publisher    = {VLDB Endowment},
}
@article{huttenlocher1993comparing,
    title        = {{Comparing images using the Hausdorff distance}},
    author       = {Huttenlocher, D.P. and Klanderman, G.A. and Rucklidge, W.J.},
    year         = {1993},
    journal      = {IEEE Transactions on Pattern Analysis and Machine Intelligence},
    volume       = {15},
    number       = {9},
    pages        = {850--863},
    doi          = {10.1109/34.232073}
}
@inproceedings{jesorsky2001robust,
    title        = {{Robust Face Detection Using the Hausdorff Distance}},
    author       = {Jesorsky, Oliver and Kirchberg, Klaus J. and Frischholz, Robert W.},
    year         = {2001},
    booktitle    = {{Audio- and Video-Based Biometric Person Authentication}},
    publisher    = {Springer Berlin Heidelberg},
    address      = {Berlin, Heidelberg},
    pages        = {90--95},
    isbn         = {978-3-540-45344-4},
    editor       = {Bigun, Josef and Smeraldi, Fabrizio},
}
@article{belogay1997calculating,
    title        = {{Calculating the Hausdorff distance between curves}},
    author       = {Belogay, E and Cabrelli, C and Molter, U and Shonkwiler, R},
    year         = {1997},
    journal      = {Information Processing Letters},
    publisher    = {Elsevier BV},
    volume       = {64},
    number       = {1},
    pages        = {17--22}
}
@article{eiter1994computing,
    title        = {{Computing discrete Fr\'echet distance}},
    author       = {Eiter, Thomas and Mannila, Heikki},
    year         = {1994},
    month 	     = {05},
}
@inproceedings{ranu2015indexing,
    title        = {{Indexing and matching trajectories under inconsistent sampling rates}},
    author       = {Ranu, Sayan and Deepak P and Telang, Aditya D. and Deshpande, Prasad and Raghavan, Sriram},
    year         = {2015},
    booktitle    = {{2015 IEEE 31st International Conference on Data Engineering}},
    volume       = {},
    number       = {},
    pages        = {999--1010},
    doi          = {10.1109/ICDE.2015.7113351},
    publisher    = {IEEE Computer Society},
    address      = {Los Alamitos, CA, USA},
    location     = {Seoul, Korea (South)}
}
@inproceedings{pelekis2007similarity,
    title        = {{Similarity Search in Trajectory Databases}},
    author       = {Pelekis, Nikos and Kopanakis, Ioannis and Marketos, Gerasimos and Ntoutsi, Irene and Andrienko, Gennady and Theodoridis, Yannis},
    year         = {2007},
    booktitle    = {{14th International Symposium on Temporal Representation and Reasoning (TIME'07)}},
    volume       = {},
    number       = {},
    pages        = {129--140},
    doi          = {10.1109/TIME.2007.59},
    publisher    = {IEEE Computer Society},
    address      = {Los Alamitos, CA, USA},
    location     = {Alicante, Spain}
}
@inproceedings{frentzos2006index,
    title        = {{Index-based Most Similar Trajectory Search}},
    author       = {Frentzos, Elias and Gratsias, Kostas and Theodoridis, Yannis},
    year         = {2007},
    booktitle    = {{2007 IEEE 23rd International Conference on Data Engineering}},
    volume       = {},
    number       = {},
    pages        = {816--825},
    doi          = {10.1109/ICDE.2007.367927}
}
@inproceedings{lin2005shapes,
    title        = {{Shapes based trajectory queries for moving objects}},
    author       = {Lin, Bin and Su, Jianwen},
    year         = {2005},
    booktitle    = {{Proceedings of the 13th Annual ACM International Workshop on Geographic Information Systems}},
    location     = {Bremen, Germany},
    publisher    = {Association for Computing Machinery},
    address      = {New York, NY, USA},
    series       = {GIS '05},
    pages        = {21–30},
    doi          = {10.1145/1097064.1097069},
    isbn         = {1595931465},
    url          = {https://doi.org/10.1145/1097064.1097069},
    numpages     = {10},
}
@article{sankoff1983time,
    title        = {{Time warps, string edits, and macromolecules: the theory and practice of sequence comparison}},
    author       = {Sankoff, David and Kruskal, Joseph B},
    year         = {1983},
    journal      = {Reading: Addison-Wesley Publication},
}

# c) Trajectory Learning
@article{fu2020trembr,
	title        = {{Trembr: Exploring Road Networks for Trajectory Representation Learning}},
	author       = {Fu, Tao-Yang and Lee, Wang-Chien},
	year         = {2020},
	month        = {feb},
	journal      = {ACM Trans. Intell. Syst. Technol.},
	publisher    = {Association for Computing Machinery},
	address      = {New York, NY, USA},
	volume       = {11},
	number       = {1},
	doi          = {10.1145/3361741},
	issn         = {2157-6904},
	url          = {https://doi.org/10.1145/3361741},
	issue_date   = {February 2020},
	articleno    = {10},
	numpages     = {25},
}

@inproceedings{co2018self,
	title        = {{Self-Consistent Trajectory Autoencoder: Hierarchical Reinforcement Learning with Trajectory Embeddings}},
	author       = {Co-Reyes, John and Liu, YuXuan and Gupta, Abhishek and Eysenbach, Benjamin and Abbeel, Pieter and Levine, Sergey},
	year         = {2018},
	month        = {10--15 Jul},
	booktitle    = {{Proceedings of the 35th International Conference on Machine Learning}},
	publisher    = {International Machine Learning Society (IMLS)},
	series       = {Proceedings of Machine Learning Research},
	volume       = {80},
	pages        = {1009--1018},
	url          = {https://proceedings.mlr.press/v80/co-reyes18a.html},
	editor       = {Dy, Jennifer and Krause, Andreas},
	pdf          = {http://proceedings.mlr.press/v80/co-reyes18a/co-reyes18a.pdf},
	location     = {Stockholm, Sweden}
}

@misc{lin2022contrastive,
	title        = {{Contrastive Pre-training of Spatial-Temporal Trajectory Embeddings}},
	author       = {Yan Lin and Huaiyu Wan and Shengnan Guo and Youfang Lin},
	year         = {2022},
	eprint       = {2207.14539},
	archiveprefix = {arXiv},
	doi	     = {10.48550/arXiv.2207.14539},
	primaryclass = {cs.CV}
}

@inproceedings{zhang2020trajectory,
	title        = {{Trajectory similarity learning with auxiliary supervision and optimal matching}},
	author       = {ZHANG, Hanyuan and ZHANG, Xingyu and JIANG, Qize and ZHENG, Baihua and SUN, Zhenbang and SUN, Weiwei and WANG, Changhu},
	year         = {2020},
	month        = {11--17 Jul},
	booktitle    = {{Proceedings of the Twenty-Ninth International Joint Conference on Artificial Intelligence,}},
	pages        = {3209--3215},
	publisher    = {Research Collection School Of Information Systems},
	url          = {https://ink.library.smu.edu.sg/sis_research/5276},
	articleno    = {444},
	numpages     = {7},
	address     = {Yokohama, Yokohama, Japan},
	series       = {IJCAI'20},
	isbn         = {9780999241165},
}

@inproceedings{jing2022can,
	title        = {{Can Adversarial Training Benefit Trajectory Representation? An Investigation on Robustness for Trajectory Similarity Computation}},
	author       = {Jing, Quanliang and Liu, Shuo and Fan, Xinxin and Li, Jingwei and Yao, Di and Wang, Baoli and Bi, Jingping},
	year         = {2022},
	booktitle    = {{Proceedings of the 31st ACM International Conference on Information \& Knowledge Management}},
	location     = {Atlanta, GA, USA},
	publisher    = {Association for Computing Machinery},
	address      = {New York, NY, USA},
	series       = {CIKM '22},
	pages        = {905–914},
	doi          = {10.1145/3511808.3557250},
	isbn         = {9781450392365},
	url          = {https://doi.org/10.1145/3511808.3557250},
	numpages     = {10},
}

@inproceedings{gao2017identifying,
	title        = {{Identifying Human Mobility via Trajectory Embeddings}},
	author       = {Gao, Qiang and Zhou, Fan and Zhang, Kunpeng and Trajcevski, Goce and Luo, Xucheng and Zhang, Fengli},
	year         = {2017},
	booktitle    = {{Proceedings of the 26th International Joint Conference on Artificial Intelligence}},
	location     = {Melbourne, Australia},
	publisher    = {AAAI Press},
	series       = {IJCAI'17},
	pages        = {1689–1695},
	isbn         = {9780999241103},
	doi	     = {10.24963/ijcai.2017/234},
	numpages     = {7}
}

@inproceedings{song2018anomalous,
	title        = {{Anomalous Trajectory Detection Using Recurrent Neural Network}},
	author       = {Song, Li and Wang, Ruijia and Xiao, Ding and Han, Xiaotian and Cai, Yanan and Shi, Chuan},
	year         = {2018},
	booktitle    = {{Advanced Data Mining and Applications}},
	publisher    = {Springer International Publishing},
	address      = {Cham},
	pages        = {263--277},
	isbn         = {978-3-030-05090-0},
	doi	     = {10.1007/978-3-030-05090-0_23},
	editor       = {Gan, Guojun and Li, Bohan and Li, Xue and Wang, Shuliang},
}

@inproceedings{sutskever2014sequence,
	title        = {{Sequence to Sequence Learning with Neural Networks}},
	author       = {Sutskever, Ilya and Vinyals, Oriol and Le, Quoc V},
	year         = {2014},
	booktitle    = {{Advances in Neural Information Processing Systems}},
	publisher    = {Curran Associates, Inc.},
	volume       = {27},
	url          = {https://proceedings.neurips.cc/paper_files/paper/2014/file/a14ac55a4f27472c5d894ec1c3c743d2-Paper.pdf},
	editor       = {Z. Ghahramani and M. Welling and C. Cortes and N. Lawrence and K.Q. Weinberger},
	pages        = {3104–3112},
	numpages     = {9},
	location     = {Montreal, Canada},
	series       = {NIPS'14},
	address      = {Cambridge, MA, USA},
}


@article{may2020marc,
	title        = {{MARC: a robust method for multiple-aspect trajectory classification via space, time, and semantic embeddings}},
	author       = {Lucas May Petry and Camila Leite Da Silva and Andrea Esuli and Chiara Renso and Vania Bogorny},
	year         = {2020},
	journal      = {International Journal of Geographical Information Science},
	publisher    = {Taylor & Francis},
	volume       = {34},
	number       = {7},
	pages        = {1428--1450},
	doi          = {10.1080/13658816.2019.1707835},
	url          = {https://doi.org/10.1080/13658816.2019.1707835},
	eprint       = {https://doi.org/10.1080/13658816.2019.1707835}
}

@article{chen2021embedding,
	title        = {{Embedding-Based Similarity Computation for Massive Vehicle Trajectory Data}},
	author       = {Chen, Yuanyi and Yu, Peng and Chen, Wenwang and Zheng, Zengwei and Guo, Minyi},
	year         = {2022},
	journal      = {IEEE Internet of Things Journal},
	volume       = {9},
	number       = {6},
	pages        = {4650--4660},
	doi          = {10.1109/JIOT.2021.3107327}
}

@article{zhang2021stenet,
	title        = {{STENet: A hybrid spatio-temporal embedding network for human trajectory forecasting}},
	author       = {Bo Zhang and Chengzhi Yuan and Tao Wang and Hongbo Liu},
	year         = {2021},
	journal      = {Engineering Applications of Artificial Intelligence},
	volume       = {106},
	pages        = {104487},
	doi          = {10.1016/j.engappai.2021.104487},
	issn         = {0952-1976},
	url          = {https://www.sciencedirect.com/science/article/pii/S0952197621003353},
}

@article{ahmed2022deep,
	title        = {{Deep Fuzzy Contrast-Set Deviation Point Representation and Trajectory Detection}},
	author       = {Ahmed, Usman and Lin, Jerry Chun-Wei and Srivastava, Gautam},
	year         = {2023},
	journal      = {IEEE Transactions on Fuzzy Systems},
	volume       = {31},
	number       = {2},
	pages        = {571--581},
	doi          = {10.1109/TFUZZ.2022.3197876}
}

@inproceedings{han2021graph,
	title        = {{A Graph-Based Approach for Trajectory Similarity Computation in Spatial Networks}},
	author       = {Han, Peng and Wang, Jin and Yao, Di and Shang, Shuo and Zhang, Xiangliang},
	year         = {2021},
	booktitle    = {{Proceedings of the 27th ACM SIGKDD Conference on Knowledge Discovery \& Data Mining}},
	location     = {Virtual Event, Singapore},
	publisher    = {Association for Computing Machinery},
	address      = {New York, NY, USA},
	series       = {KDD '21},
	pages        = {556–564},
	doi          = {10.1145/3447548.3467337},
	isbn         = {9781450383325},
	url          = {10.1145/3447548.3467337},
	numpages     = {9}
}

@inproceedings{yang2021t3s,
	title        = {{T3S: Effective Representation Learning for Trajectory Similarity Computation}},
	author       = {Yang, Peilun and Wang, Hanchen and Zhang, Ying and Qin, Lu and Zhang, Wenjie and Lin, Xuemin},
	year         = {2021},
	booktitle    = {{2021 IEEE 37th International Conference on Data Engineering (ICDE)}},
	volume       = {},
	number       = {},
	pages        = {2183--2188},
	url          = {https://doi.ieeecomputersociety.org/10.1109/ICDE51399.2021.00221},
	publisher    = {IEEE Computer Society},
	address      = {Los Alamitos, CA, USA},
	doi          = {10.1109/ICDE51399.2021.00221}
}

@article{zhou2023grlstm,
	title        = {{GRLSTM: Trajectory Similarity Computation with Graph-Based Residual LSTM}},
	author       = {Zhou, Silin and Li, Jing and Wang, Hao and Shang, Shuo and Han, Peng},
	year         = {2023},
	month        = {Jun.},
	journal      = {Proceedings of the AAAI Conference on Artificial Intelligence},
	volume       = {37},
	number       = {4},
	pages        = {4972--4980},
	doi          = {10.1609/aaai.v37i4.25624},
	url          = {https://ojs.aaai.org/index.php/AAAI/article/view/25624}
}

@inproceedings{yao2019computing,
	title        = {{Computing Trajectory Similarity in Linear Time: A Generic Seed-Guided Neural Metric Learning Approach}},
	author       = {Yao, Di and Cong, Gao and Zhang, Chao and Bi, Jingping},
	year         = {2019},
	booktitle    = {{2019 IEEE 35th International Conference on Data Engineering (ICDE)}},
	volume       = {},
	number       = {},
	pages        = {1358--1369},
	doi          = {10.1109/ICDE.2019.00123},
	publisher    = {IEEE Computer Society},
	address      = {Los Alamitos, CA, USA},
	url          = {https://doi.ieeecomputersociety.org/10.1109/ICDE.2019.00123},
}

@inproceedings{li2018deep,
	title        = {{Deep Representation Learning for Trajectory Similarity Computation}},
	author       = {Li, Xiucheng and Zhao, Kaiqi and Cong, Gao and Jensen, Christian S. and Wei, Wei},
	year         = {2018},
	booktitle    = {{2018 IEEE 34th International Conference on Data Engineering (ICDE)}},
	volume       = {},
	number       = {},
	pages        = {617--628},
	doi          = {10.1109/ICDE.2018.00062},
	publisher    = {IEEE Computer Society},
	address      = {Los Alamitos, CA, USA},
	location     = {Paris, France}
}

@article{taghizadeh2021meaningful,
	title        = {{How meaningful are similarities in deep trajectory representations?}},
	author       = {Saeed Taghizadeh and Abel Elekes and Martin Schäler and Klemens Böhm},
	year         = {2021},
	journal      = {Information Systems},
	volume       = {98},
	pages        = {101452},
	doi          = {10.1016/j.is.2019.101452},
	issn         = {0306-4379},
	url          = {https://www.sciencedirect.com/science/article/pii/S0306437919305046},
}

@article{zhou2023spatial,
	title={Spatial-temporal fusion graph framework for trajectory similarity computation},
	author={Zhou, Silin and Han, Peng and Yao, Di and Chen, Lisi and Zhang, Xiangliang},
	journal={World Wide Web},
	volume={26},
	number={4},
	pages={1501--1523},
	year={2023},
	doi={10.1007/s11280-022-01089-0},
	publisher={Springer}
}

@inproceedings{yang2022tmn,
	title        = {{TMN: Trajectory Matching Networks for Predicting Similarity}},
	author       = {Yang, Peilun and Wang, Hanchen and Lian, Defu and Zhang, Ying and Qin, Lu and Zhang, Wenjie},
	year         = {2022},
	booktitle    = {{2022 IEEE 38th International Conference on Data Engineering (ICDE)}},
	volume       = {},
	number       = {},
	pages        = {1700--1713},
	doi          = {10.1109/ICDE53745.2022.00173},
	url          = {https://doi.ieeecomputersociety.org/10.1109/ICDE53745.2022.00173},
	publisher    = {IEEE Computer Society},
	address      = {Los Alamitos, CA, USA},
}

@inproceedings{chang2023contrastive,
	title        = {{Contrastive Trajectory Similarity Learning with Dual-Feature Attention}},
	author       = {Chang, Yanchuan and Qi, Jianzhong and Liang, Yuxuan and Tanin, Egemen},
	year         = {2023},
	booktitle    = {{2023 IEEE 39th International Conference on Data Engineering (ICDE)}},
	volume       = {},
	number       = {},
	pages        = {2933--2945},
	doi          = {10.1109/ICDE55515.2023.00224},
	publisher    = {IEEE Computer Society},
	address      = {Los Alamitos, CA, USA},
	location     = {Anaheim, CA, USA}
}

@inproceedings{ding2022tsne,
	title        = {{TSNE: Trajectory Similarity Network Embedding}},
	author       = {Ding, Jiaxin and Zhang, Bowen and Wang, Xinbing and Zhou, Chenghu},
	year         = {2022},
	booktitle    = {{Proceedings of the 30th International Conference on Advances in Geographic Information Systems}},
	location     = {Seattle, Washington},
	publisher    = {Association for Computing Machinery},
	address      = {New York, NY, USA},
	series       = {SIGSPATIAL '22},
	doi          = {10.1145/3557915.3561022},
	isbn         = {9781450395298},
	url          = {https://doi.org/10.1145/3557915.3561022},
	articleno    = {86},
	numpages     = {4},
}

@article{chen2022towards,
	title={Towards robust trajectory similarity computation: Representation-based spatio-temporal similarity quantification},
	author={Chen, Ziwen and Li, Ke and Zhou, Silin and Chen, Lisi and Shang, Shuo},
	journal={World Wide Web},
	pages = {1271–1294},
	year={2022},
	publisher={Springer},
	month = {aug},
	volume = {26},
	number = {4},
	address = {USA},
	issn = {1386-145X},
	url = {https://doi.org/10.1007/s11280-022-01085-4},
	doi = {10.1007/s11280-022-01085-4},
}

@misc{hu2023spatio,
	title        = {{Spatio-Temporal Trajectory Similarity Measures: A Comprehensive Survey and Quantitative Study}},
	author       = {Danlei Hu and Lu Chen and Hanxi Fang and Ziquan Fang and Tianyi Li and Yunjun Gao},
	year         = {2023},
	eprint       = {2303.05012},
	archiveprefix = {arXiv},
	doi 	     = {10.48550/arXiv.2303.05012},
	primaryclass = {cs.DS}
}

@inproceedings{fang2022spatio,
	title        = {{Spatio-Temporal Trajectory Similarity Learning in Road Networks}},
	author       = {Fang, Ziquan and Du, Yuntao and Zhu, Xinjun and Hu, Danlei and Chen, Lu and Gao, Yunjun and Jensen, Christian S.},
	year         = {2022},
	booktitle    = {{Proceedings of the 28th ACM SIGKDD Conference on Knowledge Discovery and Data Mining}},
	location     = {Washington DC, USA},
	publisher    = {Association for Computing Machinery},
	address      = {New York, NY, USA},
	series       = {KDD '22},
	pages        = {347–356},
	doi          = {10.1145/3534678.3539375},
	isbn         = {9781450393850},
	url          = {https://doi.org/10.1145/3534678.3539375},
	numpages     = {10},
}

# d) Trajectory Learning Robotics


@article{losey2022learning,
	title        = {{Learning latent actions to control assistive robots}},
	author       = {Losey, Dylan P and Jeon, Hong Jun and Li, Mengxi and Srinivasan, Krishnan and Mandlekar, Ajay and Garg, Animesh and Bohg, Jeannette and Sadigh, Dorsa},
	year         = {2022},
	journal      = {Autonomous robots},
	publisher    = {Springer},
	doi	         = {10.1007/s10514-021-10005-w},
	volume       = {46},
	number       = {1},
	pages        = {115--147}
}

@inproceedings{bobu2023sirl,
	title        = {{SIRL: Similarity-Based Implicit Representation Learning}},
	author       = {Bobu, Andreea and Liu, Yi and Shah, Rohin and Brown, Daniel S. and Dragan, Anca D.},
	year         = {2023},
	booktitle    = {{Proceedings of the 2023 ACM/IEEE International Conference on Human-Robot Interaction}},
	location     = {Stockholm, Sweden},
	publisher    = {Association for Computing Machinery},
	address      = {New York, NY, USA},
	series       = {HRI '23},
	pages        = {565–574},
	doi          = {10.1145/3568162.3576989},
	isbn         = {9781450399647},
	url          = {https://doi.org/10.1145/3568162.3576989},
	numpages     = {10},
}


@inproceedings{losey2020controlling,
	title        = {{Controlling Assistive Robots with Learned Latent Actions}},
	author       = {Losey, Dylan P. and Srinivasan, Krishnan and Mandlekar, Ajay and Garg, Animesh and Sadigh, Dorsa},
	year         = {2020},
	booktitle    = {{2020 IEEE International Conference on Robotics and Automation (ICRA)}},
	volume       = {},
	number       = {},
	pages        = {378--384},
	doi          = {10.1109/ICRA40945.2020.9197197},
	publisher    = {IEEE Computer Society},
	address      = {Los Alamitos, CA, USA},
	location     = {Paris, France}
}

@article{huang2020diversitygan,
	title        = {{DiversityGAN: Diversity-Aware Vehicle Motion Prediction via Latent Semantic Sampling}},
	author       = {Huang, Xin and McGill, Stephen G. and DeCastro, Jonathan A. and Fletcher, Luke and Leonard, John J. and Williams, Brian C. and Rosman, Guy},
	year         = {2020},
	journal      = {IEEE Robotics and Automation Letters},
	volume       = {5},
	number       = {4},
	pages        = {5089--5096},
	doi          = {10.1109/LRA.2020.3005369}
}

@inproceedings{miao2022promoting,
	title        = {{Promoting Quality and Diversity in Population-based Reinforcement Learning via Hierarchical Trajectory Space Exploration}},
	author       = {Miao, Jiayu and Zhou, Tianze and Shao, Kun and Zhou, Ming and Zhang, Weinan and Hao, Jianye and Yu, Yong and Wang, Jun},
	year         = {2022},
	booktitle    = {{2022 International Conference on Robotics and Automation (ICRA)}},
	volume       = {},
	number       = {},
	pages        = {7544--7550},
	doi          = {10.1109/ICRA46639.2022.9811888},
	publisher    = {IEEE Computer Society},
	address      = {Los Alamitos, CA, USA},
	location     = {Philadelphia, PA, USA}
}

@InProceedings{alahi2016social,
	author = {Alahi, Alexandre and Goel, Kratarth and Ramanathan, Vignesh and Robicquet, Alexandre and Fei-Fei, Li and Savarese, Silvio},
	title = {{Social LSTM: Human Trajectory Prediction in Crowded Spaces}},
	booktitle = {{Proceedings of the IEEE Conference on Computer Vision and Pattern Recognition (CVPR)}},
	month = {June},
	doi = {10.1109/CVPR.2016.110},
	year = {2016},
	issn = {1063-6919},
	pages = {961-971},
	publisher = {IEEE Computer Society},
	url = {https://doi.ieeecomputersociety.org/10.1109/CVPR.2016.110},
	address = {Los Alamitos, CA, USA}
} 


# e) Trajectory Prediction
@inproceedings{sun20183dof,
	title        = {{3DOF Pedestrian Trajectory Prediction Learned from Long-Term Autonomous Mobile Robot Deployment Data}},
	author       = {Sun, Li and Yan, Zhi and Mellado, Sergi Molina and Hanheide, Marc and Duckett, Tom},
	year         = {2018},
	booktitle    = {{2018 IEEE International Conference on Robotics and Automation (ICRA)}},
	volume       = {},
	number       = {},
	pages        = {5942--5948},
	doi          = {10.1109/ICRA.2018.8461228},
	numpages     = {7},
	publisher    = {IEEE Computer Society},
	address      = {Los Alamitos, CA, USA},
	url          = {https://doi.org/10.1109/ICRA.2018.8461228},
	location     = {Brisbane, Australia}
}

@inproceedings{gupta2018social,
	title        = {{Social GAN: Socially Acceptable Trajectories With Generative Adversarial Networks}},
	author       = {Gupta, Agrim and Johnson, Justin and Fei-Fei, Li and Savarese, Silvio and Alahi, Alexandre},
	year         = {2018},
	doi 	     = {10.1109/CVPR.2018.00240},
	month        = {June},
	pages = {2255-2264},
	booktitle    = {{Proceedings of the IEEE Conference on Computer Vision and Pattern Recognition (CVPR)}},
	url = {https://doi.ieeecomputersociety.org/10.1109/CVPR.2018.00240},
	publisher = {IEEE Computer Society},
	address = {Los Alamitos, CA, USA},
}

@inproceedings{syed2020cnn,
	title        = {{CNN, Segmentation or Semantic Embeddings: Evaluating Scene Context for Trajectory Prediction}},
	author       = {Syed, Arsal and Morris, Brendan Tran},
	year         = {2020},
	booktitle    = {{Advances in Visual Computing}},
	publisher    = {Springer International Publishing},
	address      = {Cham},
	pages        = {706--717},
	doi	     = {10.1007/978-3-030-64559-5_56},
	isbn         = {978-3-030-64559-5},
	editor       = {Bebis, George and Yin, Zhaozheng and Kim, Edward and Bender, Jan and Subr, Kartic and Kwon, Bum Chul and Zhao, Jian and Kalkofen, Denis and Baciu, George},
}

@inproceedings{deo2018convolutional,
	title        = {{Convolutional Social Pooling for Vehicle Trajectory Prediction}},
	author       = {Deo, Nachiket and Trivedi, Mohan M.},
	year         = {2018},
	doi = 		{10.1109/CVPRW.2018.00196},
	month        = {June},
	booktitle    = {{Proceedings of the IEEE Conference on Computer Vision and Pattern Recognition (CVPR) Workshops}},
	publisher    = {IEEE Computer Society},
	address      = {Los Alamitos, CA, USA},
	pages        = {1549-15498},
	location     = {Salt Lake City, UT, USA},
	
}






