@CONFERENCE{morris2009learning,
	author = {Morris, Brendan and Trivedi, Mohan},
	title = {Learning trajectory patterns by clustering: Experimental studies and comparative evaluation},
	year = {2009},
	journal = {2009 IEEE Conference on Computer Vision and Pattern Recognition, CVPR 2009},
	pages = {312 â€“ 319},
	doi = {10.1109/CVPRW.2009.5206559},
	url = {https://www.scopus.com/inward/record.uri?eid=2-s2.0-70450169892&doi=10.1109%2fCVPRW.2009.5206559&partnerID=40&md5=66a374e74f9d5bdfcb8b3aa5ca02cdb0},
	type = {Conference paper},
	publication_stage = {Final},
	source = {Scopus},
	note = {Cited by: 200}
}