@inproceedings{bhujel2019pedestrian,
	title        = {{Pedestrian Trajectory Prediction Using RNN Encoder-Decoder with Spatio-Temporal Attentions}},
	author       = {Bhujel, Niraj and Teoh, Eam Khwang and Yau, Wei-Yun},
	year         = {2019},
	booktitle    = {{2019 IEEE 5th International Conference on Mechatronics System and Robots (ICMSR)}},
	volume       = {},
	number       = {},
	pages        = {110--114},
	doi          = {10.1109/ICMSR.2019.8835478},
	publisher    = {IEEE Computer Society},
	address      = {Los Alamitos, CA, USA},
	location     = {Singapore}
}


@article{peng2023mrgtraj,
	title        = {{MRGTraj: A Novel Non-Autoregressive Approach for Human Trajectory Prediction}},
	author       = {Peng, Yusheng and Zhang, Gaofeng and Shi, Jun and Li, Xiangyu and Zheng, Liping},
	year         = {2023},
	journal      = {IEEE Transactions on Circuits and Systems for Video Technology},
	doi          = {10.1109/TCSVT.2023.3307442},
	volume       = {34},
	number       = {4},
	pages        = {2318-2331},
}

@inproceedings{fernando2019gd,
	title        = {{GD-GAN: Generative Adversarial Networks for Trajectory Prediction and Group Detection in Crowds}},
	author       = {Fernando, Tharindu and Denman, Simon and Sridharan, Sridha and Fookes, Clinton},
	doi = {10.1007/978-3-030-20887-5_20},
	year         = {2019},
	booktitle    = {{Computer Vision -- ACCV 2018}},
	publisher    = {Springer International Publishing},
	address      = {Cham},
	pages        = {314--330},
	isbn         = {978-3-030-20887-5},
	editor       = {Jawahar, C. V. and Li, Hongdong and Mori, Greg and Schindler, Konrad},
}

@article{fernando2018soft+,
	title        = {{Soft + Hardwired attention: An LSTM framework for human trajectory prediction and abnormal event detection}},
	author       = {Tharindu Fernando and Simon Denman and Sridha Sridharan and Clinton Fookes},
	year         = {2018},
	journal      = {Neural Networks},
	volume       = {108},
	pages        = {466--478},
	doi          = {https://doi.org/10.1016/j.neunet.2018.09.002},
	issn         = {0893-6080},
	url          = {https://www.sciencedirect.com/science/article/pii/S0893608018302648},
}

@inproceedings{mangalam2020not,
	title        = {{It Is Not the Journey But the Destination: Endpoint Conditioned Trajectory Prediction}},
	author       = {Mangalam, Karttikeya and Girase, Harshayu and Agarwal, Shreyas and Lee, Kuan-Hui and Adeli, Ehsan and Malik, Jitendra and Gaidon, Adrien},
	doi	= {10.1007/978-3-030-58536-5_45},
	year         = {2020},
	booktitle    = {{Computer Vision -- ECCV 2020}},
	publisher    = {Springer International Publishing},
	address      = {Cham},
	pages        = {759--776},
	isbn         = {978-3-030-58536-5},
	editor       = {Vedaldi, Andrea and Bischof, Horst and Brox, Thomas and Frahm, Jan-Michael},
}

@inproceedings{navarro2022social,
	title        = {{Social-PatteRNN: Socially-Aware Trajectory Prediction Guided by Motion Patterns}},
	author       = {Navarro, Ingrid and Oh, Jean},
	year         = {2022},
	booktitle    = {{2022 IEEE/RSJ International Conference on Intelligent Robots and Systems (IROS)}},
	volume       = {},
	number       = {},
	pages        = {9859--9864},
	doi          = {10.1109/IROS47612.2022.9981486},
	publisher    = {IEEE Computer Society},
	address      = {Los Alamitos, CA, USA},
	location     = {Kyoto, Japan}
}

@article{zhou2023csr,
	title        = {{CSR: Cascade Conditional Variational Auto Encoder with Socially-aware Regression for Pedestrian Trajectory Prediction}},
	author       = {Hao Zhou and Dongchun Ren and Xu Yang and Mingyu Fan and Hai Huang},
	year         = {2023},
	journal      = {Pattern Recognition},
	volume       = {133},
	pages        = {109030},
	doi          = {https://doi.org/10.1016/j.patcog.2022.109030},
	issn         = {0031-3203},
	url          = {https://www.sciencedirect.com/science/article/pii/S0031320322005106},
}