@article{carrera2022conduct,
	title = {How-to conduct a systematic literature review: A quick guide for computer science research},
	journal = {MethodsX},
	volume = {9},
	pages = {101895},
	year = {2022},
	issn = {2215-0161},
	doi = {https://doi.org/10.1016/j.mex.2022.101895},
	url = {https://www.sciencedirect.com/science/article/pii/S2215016122002746},
	author = {Angela Carrera-Rivera and William Ochoa and Felix Larrinaga and Ganix Lasa},
}
@inproceedings{liang2024foundation,
	author = {Liang, Yuxuan and Wen, Haomin and Nie, Yuqi and Jiang, Yushan and Jin, Ming and Song, Dongjin and Pan, Shirui and Wen, Qingsong},
	title = {Foundation Models for Time Series Analysis: A Tutorial and Survey},
	year = {2024},
	isbn = {9798400704901},
	publisher = {Association for Computing Machinery},
	address = {New York, NY, USA},
	url = {https://doi.org/10.1145/3637528.3671451},
	doi = {10.1145/3637528.3671451},
	pages = {6555â€“6565},
	numpages = {11},
	keywords = {deep learning, foundation model, time series},
	location = {Barcelona, Spain},
	series = {KDD '24}
}
@misc{ye2024survey,
	title={A Survey of Time Series Foundation Models: Generalizing Time Series Representation with Large Language Model}, 
	author={Jiexia Ye and Weiqi Zhang and Ke Yi and Yongzi Yu and Ziyue Li and Jia Li and Fugee Tsung},
	year={2024},
	eprint={2405.02358},
	archivePrefix={arXiv},
	primaryClass={cs.LG},
	url={https://arxiv.org/abs/2405.02358}, 
}

@article{mozaffari2020deep,
	title        = {{Deep learning-based vehicle behavior prediction for autonomous driving applications: A review}},
	author       = {Mozaffari, Sajjad and Al-Jarrah, Omar Y and Dianati, Mehrdad and Jennings, Paul and Mouzakitis, Alexandros},
	year         = {2020},
	journal      = {IEEE Transactions on Intelligent Transportation Systems},
	volume       = {23},
	number       = {1},
	pages        = {33-47},
	doi          = {10.1109/TITS.2020.3012034},
	publisher    = {IEEE Computer Society},
	address      = {Los Alamitos, CA, USA}
}

@article{huang2022survey,
	title        = {{A survey on trajectory-prediction methods for autonomous driving}},
	author       = {Huang, Yanjun and Du, Jiatong and Yang, Ziru and Zhou, Zewei and Zhang, Lin and Chen, Hong},
	year         = {2022},
	journal      = {IEEE Transactions on Intelligent Vehicles},
	volume       = {7},
	number       = {3},
	pages        = {652--674},
	doi          = {10.1109/TIV.2022.3167103},
	publisher    = {IEEE Computer Society},
	address      = {Los Alamitos, CA, USA}
}
