@phdthesis{singamaneni:tel-04006782,
  TITLE = {{Combining proactive planning and situation analysis for human-aware robot navigation}},
  AUTHOR = {Singamaneni, Phani Teja},
  URL = {https://theses.hal.science/tel-04006782},
  NUMBER = {2022TOU30226},
  SCHOOL = {{Universit{\'e} Paul Sabatier - Toulouse III}},
  YEAR = {2022},
  MONTH = Dec,
  KEYWORDS = {Human and robot interaction ; Motion Planning ; Cognitive robotics ; Interaction homme-robot ; Planification des mouvements ; Robotique cognitive},
  TYPE = {Theses},
  PDF = {https://theses.hal.science/tel-04006782v2/file/2022TOU30226a.pdf},
  HAL_ID = {tel-04006782},
  HAL_VERSION = {v2},
}
