@inproceedings{cui2021learning,
	title        = {{Learning World Transition Model for Socially Aware Robot Navigation}},
	author       = {Cui, Yuxiang and Zhang, Haodong and Wang, Yue and Xiong, Rong},
	year         = {2021},
	booktitle    = {{2021 IEEE International Conference on Robotics and Automation (ICRA)}},
	volume       = {},
	number       = {},
	pages        = {9262--9268},
	doi          = {10.1109/ICRA48506.2021.9561973},
	publisher    = {IEEE Computer Society},
	address      = {Los Alamitos, CA, USA},
	location     = {Xi'an, China}
}

@inproceedings{kiss2021probabilistic,
	title        = {{Probabilistic Dynamic Crowd Prediction for Social Navigation}},
	author       = {Kiss, Stefan H. and Katuwandeniya, Kavindie and Alempijevic, Alen and Vidal-Calleja, Teresa},
	year         = {2021},
	booktitle    = {{2021 IEEE International Conference on Robotics and Automation (ICRA)}},
	volume       = {},
	number       = {},
	pages        = {9269--9275},
	doi          = {10.1109/ICRA48506.2021.9561053},
	numpages     = {7},
	publisher    = {IEEE Computer Society},
	address      = {Los Alamitos, CA, USA},
	location     = {Xi'an, China}
}

@article{xu2021tra2tra,
	title        = {{Tra2Tra: Trajectory-to-Trajectory Prediction With a Global Social Spatial-Temporal Attentive Neural Network}},
	author       = {Xu, Yi and Ren, Dongchun and Li, Mingxia and Chen, Yuehai and Fan, Mingyu and Xia, Huaxia},
	year         = {2021},
	journal      = {IEEE Robotics and Automation Letters},
	volume       = {6},
	number       = {2},
	pages        = {1574--1581},
	doi          = {10.1109/LRA.2021.3057326},
	publisher    = {IEEE Computer Society},
	address      = {Los Alamitos, CA, USA}
}

@INPROCEEDINGS {ivanovic2019trajectron,
	author = {B. Ivanovic and M. Pavone},
	booktitle = {2019 IEEE/CVF International Conference on Computer Vision (ICCV)},
	title = {The Trajectron: Probabilistic Multi-Agent Trajectory Modeling With Dynamic Spatiotemporal Graphs},
	year = {2019},
	volume = {},
	issn = {},
	pages = {2375-2384},
	doi = {10.1109/ICCV.2019.00246},
	url = {https://doi.ieeecomputersociety.org/10.1109/ICCV.2019.00246},
	publisher = {IEEE Computer Society},
	address = {Los Alamitos, CA, USA},
	month = {nov}
}

@inproceedings{robicquet2016learning,
	title        = {{Learning Social Etiquette: Human Trajectory Understanding In Crowded Scenes}},
	author       = {Robicquet, Alexandre and Sadeghian, Amir and Alahi, Alexandre and Savarese, Silvio},
	year         = {2016},
	booktitle    = {{Computer Vision -- ECCV 2016}},
	publisher    = {Springer International Publishing},
	address      = {Cham},
	doi	     = {10.1007/978-3-319-46484-8_33},
	pages        = {549--565},
	isbn         = {978-3-319-46484-8},
	editor       = {Leibe, Bastian and Matas, Jiri and Sebe, Nicu and Welling, Max},
}

@article{zhou2023csr,
	title        = {{CSR: Cascade Conditional Variational Auto Encoder with Socially-aware Regression for Pedestrian Trajectory Prediction}},
	author       = {Hao Zhou and Dongchun Ren and Xu Yang and Mingyu Fan and Hai Huang},
	year         = {2023},
	journal      = {Pattern Recognition},
	volume       = {133},
	pages        = {109030},
	doi          = {https://doi.org/10.1016/j.patcog.2022.109030},
	issn         = {0031-3203},
	url          = {https://www.sciencedirect.com/science/article/pii/S0031320322005106},
}

@inproceedings{salzmann2020trajectron++,
	title        = {{Trajectron++: Dynamically-Feasible Trajectory Forecasting with Heterogeneous Data}},
	author       = {Salzmann, Tim and Ivanovic, Boris and Chakravarty, Punarjay and Pavone, Marco},
	year         = {2020},
	doi	     = {10.1007/978-3-030-58523-5_40},
	booktitle    = {{Computer Vision -- ECCV 2020}},
	publisher    = {Springer International Publishing},
	address      = {Cham},
	pages        = {683--700},
	isbn         = {978-3-030-58523-5},
	editor       = {Vedaldi, Andrea and Bischof, Horst and Brox, Thomas and Frahm, Jan-Michael},
}

@article{peng2023mrgtraj,
	title        = {{MRGTraj: A Novel Non-Autoregressive Approach for Human Trajectory Prediction}},
	author       = {Peng, Yusheng and Zhang, Gaofeng and Shi, Jun and Li, Xiangyu and Zheng, Liping},
	year         = {2023},
	journal      = {IEEE Transactions on Circuits and Systems for Video Technology},
	doi          = {10.1109/TCSVT.2023.3307442},
	volume       = {34},
	number       = {4},
	pages        = {2318-2331},
}

@inproceedings{mangalam2020not,
	title        = {{It Is Not the Journey But the Destination: Endpoint Conditioned Trajectory Prediction}},
	author       = {Mangalam, Karttikeya and Girase, Harshayu and Agarwal, Shreyas and Lee, Kuan-Hui and Adeli, Ehsan and Malik, Jitendra and Gaidon, Adrien},
	doi	= {10.1007/978-3-030-58536-5_45},
	year         = {2020},
	booktitle    = {{Computer Vision -- ECCV 2020}},
	publisher    = {Springer International Publishing},
	address      = {Cham},
	pages        = {759--776},
	isbn         = {978-3-030-58536-5},
	editor       = {Vedaldi, Andrea and Bischof, Horst and Brox, Thomas and Frahm, Jan-Michael},
}

@inproceedings{bhujel2019pedestrian,
	title        = {{Pedestrian Trajectory Prediction Using RNN Encoder-Decoder with Spatio-Temporal Attentions}},
	author       = {Bhujel, Niraj and Teoh, Eam Khwang and Yau, Wei-Yun},
	year         = {2019},
	booktitle    = {{2019 IEEE 5th International Conference on Mechatronics System and Robots (ICMSR)}},
	volume       = {},
	number       = {},
	pages        = {110--114},
	doi          = {10.1109/ICMSR.2019.8835478},
	publisher    = {IEEE Computer Society},
	address      = {Los Alamitos, CA, USA},
	location     = {Singapore}
}

@InProceedings{lee2017desire,
	author = {Lee, Namhoon and Choi, Wongun and Vernaza, Paul and Choy, Christopher B. and Torr, Philip H. S. and Chandraker, Manmohan},
	title = {DESIRE: Distant Future Prediction in Dynamic Scenes With Interacting Agents},
	booktitle = {Proceedings of the IEEE Conference on Computer Vision and Pattern Recognition (CVPR)},
	month = {July},
	year = {2017}
} 

@inproceedings{navarro2022social,
	title        = {{Social-PatteRNN: Socially-Aware Trajectory Prediction Guided by Motion Patterns}},
	author       = {Navarro, Ingrid and Oh, Jean},
	year         = {2022},
	booktitle    = {{2022 IEEE/RSJ International Conference on Intelligent Robots and Systems (IROS)}},
	volume       = {},
	number       = {},
	pages        = {9859--9864},
	doi          = {10.1109/IROS47612.2022.9981486},
	publisher    = {IEEE Computer Society},
	address      = {Los Alamitos, CA, USA},
	location     = {Kyoto, Japan}
}

@inproceedings{fernando2019gd,
	title        = {{GD-GAN: Generative Adversarial Networks for Trajectory Prediction and Group Detection in Crowds}},
	author       = {Fernando, Tharindu and Denman, Simon and Sridharan, Sridha and Fookes, Clinton},
	doi = {10.1007/978-3-030-20887-5_20},
	year         = {2019},
	booktitle    = {{Computer Vision -- ACCV 2018}},
	publisher    = {Springer International Publishing},
	address      = {Cham},
	pages        = {314--330},
	isbn         = {978-3-030-20887-5},
	editor       = {Jawahar, C. V. and Li, Hongdong and Mori, Greg and Schindler, Konrad},
}

@inproceedings{narayanan2023ewarenet,
	title        = {{EWareNet: Emotion-Aware Pedestrian Intent Prediction and Adaptive Spatial Profile Fusion for Social Robot Navigation}},
	author       = {Narayanan, Venkatraman and Manoghar, Bala Murali and RV, Rama Prashanth and Bera, Aniket},
	year         = {2023},
	booktitle    = {{2023 IEEE International Conference on Robotics and Automation (ICRA)}},
	volume       = {},
	number       = {},
	pages        = {7569--7575},
	doi          = {10.1109/ICRA48891.2023.10161504},
	publisher    = {IEEE Computer Society},
	address      = {Los Alamitos, CA, USA},
	location     = {London, United Kingdom}
}

@article{fernando2018soft+,
	title        = {{Soft + Hardwired attention: An LSTM framework for human trajectory prediction and abnormal event detection}},
	author       = {Tharindu Fernando and Simon Denman and Sridha Sridharan and Clinton Fookes},
	year         = {2018},
	journal      = {Neural Networks},
	volume       = {108},
	pages        = {466--478},
	doi          = {https://doi.org/10.1016/j.neunet.2018.09.002},
	issn         = {0893-6080},
	url          = {https://www.sciencedirect.com/science/article/pii/S0893608018302648},
}

@article{kothari2021human,
	title        = {{Human Trajectory Forecasting in Crowds: A Deep Learning Perspective}},
	author       = {Kothari, Parth and Kreiss, Sven and Alahi, Alexandre},
	year         = {2022},
	journal      = {IEEE Transactions on Intelligent Transportation Systems},
	volume       = {23},
	number       = {7},
	pages        = {7386--7400},
	doi          = {10.1109/TITS.2021.3069362},
	publisher    = {IEEE Computer Society},
	address      = {Los Alamitos, CA, USA},
	location     = {Paris, France}
}

@inproceedings{tsai2020generative,
	title        = {{A Generative Approach for Socially Compliant Navigation}},
	author       = {Tsai, Chieh-En and Oh, Jean},
	year         = {2020},
	booktitle    = {{2020 IEEE International Conference on Robotics and Automation (ICRA)}},
	volume       = {},
	number       = {},
	pages        = {2160--2166},
	doi          = {10.1109/ICRA40945.2020.9197497},
	publisher    = {IEEE Computer Society},
	address      = {Los Alamitos, CA, USA},
	location      = {Paris, France}
}

@inproceedings{messaoud2021trajectory,
	title        = {{Trajectory Prediction for Autonomous Driving based on Multi-Head Attention with Joint Agent-Map Representation}},
	author       = {Messaoud, Kaouther and Deo, Nachiket and Trivedi, Mohan M. and Nashashibi, Fawzi},
	year         = {2021},
	booktitle    = {{2021 IEEE Intelligent Vehicles Symposium (IV)}},
	volume       = {},
	number       = {},
	pages        = {165--170},
	doi          = {10.1109/IV48863.2021.9576054},
	publisher    = {IEEE Computer Society},
	address      = {Los Alamitos, CA, USA},
	location     = {Nagoya, Japan}
}

@inproceedings{zhang2023forceformer,
	title        = {{ForceFormer: exploring social force and transformer for pedestrian trajectory prediction}},
	author       = {Zhang, Weicheng and Cheng, Hao and Johora, Fatema T and Sester, Monika},
	year         = {2023},
	booktitle    = {{2023 IEEE Intelligent Vehicles Symposium (IV)}},
	volume       = {},
	number       = {},
	pages        = {1--7},
	doi          = {10.1109/IV55152.2023.10186643},
	publisher    = {IEEE Computer Society},
	address      = {Los Alamitos, CA, USA},
	location     = {Anchorage, USA}
}

@inproceedings{yuan2021agentformer,
	title        = {{Agentformer: Agent-aware transformers for socio-temporal multi-agent forecasting}},
	author       = {Yuan, Ye and Weng, Xinshuo and Ou, Yanglan and Kitani, Kris M},
	year         = {2021},
	booktitle    = {{Proceedings of the IEEE/CVF International Conference on Computer Vision}},
	volume       = {},
	number       = {},
	pages        = {9813--9823},
	doi          = {10.1109/ICCV48922.2021.00967},
	publisher    = {IEEE Computer Society},
	address      = {Los Alamitos, CA, USA},
	location     = {Montreal, Canada}
}

@inproceedings{meszaros2024trajflow,
	title        = {{TrajFlow: Learning Distributions over Trajectories for Human Behavior Prediction}},
	author       = {M{\'e}sz{\'a}ros, Anna and Schumann, Julian F and Alonso-Mora, Javier and Zgonnikov, Arkady and Kober, Jens},
	year         = {2024},
	booktitle    = {{2024 IEEE Intelligent Vehicles Symposium (IV)}},
	volume       = {},
	number       = {},
	pages        = {184--191},
	doi          = { 10.1109/IV55156.2024.10588386},
	publisher    = {IEEE Computer Society},
	address      = {Los Alamitos, CA, USA},
	location     = {Jeju Island, Republic of Korea}
}

@inproceedings{scholler2021flomo,
	title        = {{Flomo: Tractable motion prediction with normalizing flows}},
	author       = {Sch{\"o}ller, Christoph and Knoll, Alois},
	year         = {2021},
	booktitle    = {{2021 IEEE/RSJ International Conference on Intelligent Robots and Systems (IROS)}},
	volume       = {},
	number       = {},
	pages        = {7977--7984},
	doi          = {10.1109/IROS51168.2021.9636445},
	publisher    = {IEEE Computer Society},
	address      = {Los Alamitos, CA, USA},
	location     = {Prague, Czech Republic}
}

@inproceedings{giuliari2020transformer,
	title        = {{Transformer networks for trajectory forecasting}},
	author       = {Giuliari, Francesco and Hasan, Irtiza and Cristani, Marco and Galasso, Fabio},
	year         = {2020},
	booktitle    = {{2020 25th International conference on pattern recognition (ICPR)}},
	volume       = {},
	number       = {},
	pages        = {10335--10342},
	doi          = {10.1109/ICPR48806.2021.9412190},
	publisher    = {IEEE Computer Society},
	address      = {Los Alamitos, CA, USA},
	location     = { Milan, Italy }
}


@inproceedings{gu2022stochastic,
	title        = {{Stochastic trajectory prediction via motion indeterminacy diffusion}},
	author       = {Gu, Tianpei and Chen, Guangyi and Li, Junlong and Lin, Chunze and Rao, Yongming and Zhou, Jie and Lu, Jiwen},
	year         = {2022},
	booktitle    = {{Proceedings of the IEEE/CVF Conference on Computer Vision and Pattern Recognition}},
	volume       = {},
	number       = {},
	pages        = {17113--17122},
	doi          = {10.1109/CVPR52688.2022.01660},
	publisher    = {IEEE Computer Society},
	address      = {Los Alamitos, CA, USA},
	location     = {New Orleans, USA}
}

@inproceedings{tang2024hpnet,
	title        = {{Hpnet: Dynamic trajectory forecasting with historical prediction attention}},
	author       = {Tang, Xiaolong and Kan, Meina and Shan, Shiguang and Ji, Zhilong and Bai, Jinfeng and Chen, Xilin},
	year         = {2024},
	booktitle    = {{Proceedings of the IEEE/CVF Conference on Computer Vision and Pattern Recognition}},
	volume       = {},
	number       = {},
	pages        = {15261--15270},
	doi          = {},
	publisher    = {IEEE Computer Society},
	address      = {Los Alamitos, CA, USA},
	location     = {Seattle, USA}
}

@inproceedings{stefani2024mapflow,
	title        = {{MapFlow: Multi-Agent Pedestrian Trajectory Prediction Using Normalizing Flow}},
	author       = {Stefani, Antonio Luigi and Bisagno, Niccol{\`o} and Conci, Nicola},
	year         = {2024},
	booktitle    = {{ICASSP 2024-2024 IEEE International Conference on Acoustics, Speech and Signal Processing (ICASSP)}},
	volume       = {},
	number       = {},
	pages        = {3295--3299},
	doi          = {},
	publisher    = {IEEE Computer Society},
	address      = {Los Alamitos, CA, USA},
	location     = {Seoul, Republic of Korea}
}

@inproceedings{gao2020vectornet,
	title        = {{Vectornet: Encoding hd maps and agent dynamics from vectorized representation}},
	author       = {Gao, Jiyang and Sun, Chen and Zhao, Hang and Shen, Yi and Anguelov, Dragomir and Li, Congcong and Schmid, Cordelia},
	year         = {2020},
	booktitle    = {{Proceedings of the IEEE/CVF conference on computer vision and pattern recognition}},
	volume       = {},
	number       = {},
	pages        = {11525--11533},
	doi          = {10.1109/CVPR42600.2020.01154},
	publisher    = {IEEE Computer Society},
	address      = {Los Alamitos, CA, USA},
	location     = {Seattle, USA}
}

@article{zhang2024real,
	title        = {{Real-time motion prediction via heterogeneous polyline transformer with relative pose encoding}},
	author       = {Zhang, Zhejun and Liniger, Alexander and Sakaridis, Christos and Yu, Fisher and Gool, Luc V},
	year         = {2024},
	journal      = {Advances in Neural Information Processing Systems},
	volume       = {36},
	number       = {},
	pages        = {},
	doi          = {},
	publisher    = {},
	address      = {},
	location     = {}
}

@inproceedings{varadarajan2022multipath,
	title        = {{Multipath++: Efficient information fusion and trajectory aggregation for behavior prediction}},
	author       = {Varadarajan, Balakrishnan and Hefny, Ahmed and Srivastava, Avikalp and Refaat, Khaled S and Nayakanti, Nigamaa and Cornman, Andre and Chen, Kan and Douillard, Bertrand and Lam, Chi Pang and Anguelov, Dragomir and others},
	year         = {2022},
	booktitle    = {{2022 International Conference on Robotics and Automation (ICRA)}},
	volume       = {},
	number       = {},
	pages        = {7814--7821},
	doi          = {10.1109/ICRA46639.2022.9812107},
	publisher    = {IEEE Computer Society},
	address      = {Los Alamitos, CA, USA},
	location     = {Philadelphia, USA}
}

@inproceedings{nayakanti2023wayformer,
	title        = {{Wayformer: Motion forecasting via simple \& efficient attention networks}},
	author       = {Nayakanti, Nigamaa and Al-Rfou, Rami and Zhou, Aurick and Goel, Kratarth and Refaat, Khaled S and Sapp, Benjamin},
	year         = {2023},
	booktitle    = {{2023 IEEE International Conference on Robotics and Automation (ICRA)}},
	volume       = {},
	number       = {},
	pages        = {2980--2987},
	doi          = {10.1109/TPAMI.2024.3352811},
	publisher    = {IEEE Computer Society},
	address      = {Los Alamitos, CA, USA},
	location     = {London, UK}
}

@article{shi2022motion,
	title        = {{Motion transformer with global intention localization and local movement refinement}},
	author       = {Shi, Shaoshuai and Jiang, Li and Dai, Dengxin and Schiele, Bernt},
	year         = {2022},
	journal      = {Advances in Neural Information Processing Systems},
	volume       = {35},
	number       = {},
	pages        = {6531--6543},
	doi          = {},
	publisher    = {},
	address      = {},
	location     = {}
}

@article{shi2024mtr,
	title        = {{MTR++: Multi-Agent Motion Prediction With Symmetric Scene Modeling and Guided Intention Querying}},
	author       = {Shi, Shaoshuai and Jiang, Li and Dai, Dengxin and Schiele, Bernt},
	year         = {2024},
	journal      = {IEEE Transactions on Pattern Analysis and Machine Intelligence},
	volume       = {46},
	number       = {5},
	pages        = {3955-3971},
	doi          = {10.1109/TPAMI.2024.3352811},
	publisher    = {},
	address      = {},
	location     = {}
}

@article{cheng2023gatraj,
	title        = {{Gatraj: A graph-and attention-based multi-agent trajectory prediction model}},
	author       = {Cheng, Hao and Liu, Mengmeng and Chen, Lin and Broszio, Hellward and Sester, Monika and Yang, Michael Ying},
	year         = {2023},
	journal      = {ISPRS Journal of Photogrammetry and Remote Sensing},
	volume       = {205},
	number       = {},
	pages        = {163--175},
	doi          = {},
	publisher    = {Elsevier},
	address      = {},
	location     = {}
}

@inproceedings{aydemir2023adapt,
	title        = {{Adapt: Efficient multi-agent trajectory prediction with adaptation}},
	author       = {Aydemir, G{\"o}rkay and Akan, Adil Kaan and G{\"u}ney, Fatma},
	year         = {2023},
	booktitle    = {{Proceedings of the IEEE/CVF International Conference on Computer Vision}},
	volume       = {},
	number       = {},
	pages        = {8295--8305},
	doi          = {10.1109/ICCV51070.2023.00762},
	publisher    = {IEEE Computer Society},
	address      = {Los Alamitos, CA, USA},
	location     = {Paris, France}
}

@inproceedings{shi2023trajectory,
	title        = {{Trajectory unified transformer for pedestrian trajectory prediction}},
	author       = {Shi, Liushuai and Wang, Le and Zhou, Sanping and Hua, Gang},
	year         = {2023},
	booktitle    = {{Proceedings of the IEEE/CVF International Conference on Computer Vision}},
	volume       = {},
	number       = {},
	pages        = {9675--9684},
	doi          = {10.1109/ICCV51070.2023.00887},
	publisher    = {IEEE Computer Society},
	address      = {Los Alamitos, CA, USA},
	location     = {Paris, France}
}
