@inproceedings{bhujel2019pedestrian,
	title        = {{Pedestrian Trajectory Prediction Using RNN Encoder-Decoder with Spatio-Temporal Attentions}},
	author       = {Bhujel, Niraj and Teoh, Eam Khwang and Yau, Wei-Yun},
	year         = {2019},
	booktitle    = {{2019 IEEE 5th International Conference on Mechatronics System and Robots (ICMSR)}},
	volume       = {},
	number       = {},
	pages        = {110--114},
	doi          = {10.1109/ICMSR.2019.8835478},
	publisher    = {IEEE Computer Society},
	address      = {Los Alamitos, CA, USA},
	location     = {Singapore}
}


@INPROCEEDINGS {ivanovic2019trajectron,
	author = {B. Ivanovic and M. Pavone},
	booktitle = {2019 IEEE/CVF International Conference on Computer Vision (ICCV)},
	title = {The Trajectron: Probabilistic Multi-Agent Trajectory Modeling With Dynamic Spatiotemporal Graphs},
	year = {2019},
	volume = {},
	issn = {},
	pages = {2375-2384},
	doi = {10.1109/ICCV.2019.00246},
	url = {https://doi.ieeecomputersociety.org/10.1109/ICCV.2019.00246},
	publisher = {IEEE Computer Society},
	address = {Los Alamitos, CA, USA},
	month = {nov}
}

@article{xu2021tra2tra,
	title        = {{Tra2Tra: Trajectory-to-Trajectory Prediction With a Global Social Spatial-Temporal Attentive Neural Network}},
	author       = {Xu, Yi and Ren, Dongchun and Li, Mingxia and Chen, Yuehai and Fan, Mingyu and Xia, Huaxia},
	year         = {2021},
	journal      = {IEEE Robotics and Automation Letters},
	volume       = {6},
	number       = {2},
	pages        = {1574--1581},
	doi          = {10.1109/LRA.2021.3057326},
	publisher    = {IEEE Computer Society},
	address      = {Los Alamitos, CA, USA}
}

@article{kothari2021human,
	title        = {{Human Trajectory Forecasting in Crowds: A Deep Learning Perspective}},
	author       = {Kothari, Parth and Kreiss, Sven and Alahi, Alexandre},
	year         = {2022},
	journal      = {IEEE Transactions on Intelligent Transportation Systems},
	volume       = {23},
	number       = {7},
	pages        = {7386--7400},
	doi          = {10.1109/TITS.2021.3069362},
	publisher    = {IEEE Computer Society},
	address      = {Los Alamitos, CA, USA},
	location     = {Paris, France}
}

@article{peng2023mrgtraj,
	title        = {{MRGTraj: A Novel Non-Autoregressive Approach for Human Trajectory Prediction}},
	author       = {Peng, Yusheng and Zhang, Gaofeng and Shi, Jun and Li, Xiangyu and Zheng, Liping},
	year         = {2023},
	journal      = {IEEE Transactions on Circuits and Systems for Video Technology},
	doi          = {10.1109/TCSVT.2023.3307442},
	volume       = {34},
	number       = {4},
	pages        = {2318-2331},
}

@inproceedings{fernando2019gd,
	title        = {{GD-GAN: Generative Adversarial Networks for Trajectory Prediction and Group Detection in Crowds}},
	author       = {Fernando, Tharindu and Denman, Simon and Sridharan, Sridha and Fookes, Clinton},
	doi = {10.1007/978-3-030-20887-5_20},
	year         = {2019},
	booktitle    = {{Computer Vision -- ACCV 2018}},
	publisher    = {Springer International Publishing},
	address      = {Cham},
	pages        = {314--330},
	isbn         = {978-3-030-20887-5},
	editor       = {Jawahar, C. V. and Li, Hongdong and Mori, Greg and Schindler, Konrad},
}

@article{fernando2018soft+,
	title        = {{Soft + Hardwired attention: An LSTM framework for human trajectory prediction and abnormal event detection}},
	author       = {Tharindu Fernando and Simon Denman and Sridha Sridharan and Clinton Fookes},
	year         = {2018},
	journal      = {Neural Networks},
	volume       = {108},
	pages        = {466--478},
	doi          = {https://doi.org/10.1016/j.neunet.2018.09.002},
	issn         = {0893-6080},
	url          = {https://www.sciencedirect.com/science/article/pii/S0893608018302648},
}

@inproceedings{mangalam2020not,
	title        = {{It Is Not the Journey But the Destination: Endpoint Conditioned Trajectory Prediction}},
	author       = {Mangalam, Karttikeya and Girase, Harshayu and Agarwal, Shreyas and Lee, Kuan-Hui and Adeli, Ehsan and Malik, Jitendra and Gaidon, Adrien},
	doi	= {10.1007/978-3-030-58536-5_45},
	year         = {2020},
	booktitle    = {{Computer Vision -- ECCV 2020}},
	publisher    = {Springer International Publishing},
	address      = {Cham},
	pages        = {759--776},
	isbn         = {978-3-030-58536-5},
	editor       = {Vedaldi, Andrea and Bischof, Horst and Brox, Thomas and Frahm, Jan-Michael},
}

@inproceedings{navarro2022social,
	title        = {{Social-PatteRNN: Socially-Aware Trajectory Prediction Guided by Motion Patterns}},
	author       = {Navarro, Ingrid and Oh, Jean},
	year         = {2022},
	booktitle    = {{2022 IEEE/RSJ International Conference on Intelligent Robots and Systems (IROS)}},
	volume       = {},
	number       = {},
	pages        = {9859--9864},
	doi          = {10.1109/IROS47612.2022.9981486},
	publisher    = {IEEE Computer Society},
	address      = {Los Alamitos, CA, USA},
	location     = {Kyoto, Japan}
}

@article{zhou2023csr,
	title        = {{CSR: Cascade Conditional Variational Auto Encoder with Socially-aware Regression for Pedestrian Trajectory Prediction}},
	author       = {Hao Zhou and Dongchun Ren and Xu Yang and Mingyu Fan and Hai Huang},
	year         = {2023},
	journal      = {Pattern Recognition},
	volume       = {133},
	pages        = {109030},
	doi          = {https://doi.org/10.1016/j.patcog.2022.109030},
	issn         = {0031-3203},
	url          = {https://www.sciencedirect.com/science/article/pii/S0031320322005106},
}
@inproceedings{zhang2023forceformer,
	title        = {{ForceFormer: exploring social force and transformer for pedestrian trajectory prediction}},
	author       = {Zhang, Weicheng and Cheng, Hao and Johora, Fatema T and Sester, Monika},
	year         = {2023},
	booktitle    = {{2023 IEEE Intelligent Vehicles Symposium (IV)}},
	volume       = {},
	number       = {},
	pages        = {1--7},
	doi          = {10.1109/IV55152.2023.10186643},
	publisher    = {IEEE Computer Society},
	address      = {Los Alamitos, CA, USA},
	location     = {Anchorage, USA}
}

@inproceedings{yuan2021agentformer,
	title        = {{Agentformer: Agent-aware transformers for socio-temporal multi-agent forecasting}},
	author       = {Yuan, Ye and Weng, Xinshuo and Ou, Yanglan and Kitani, Kris M},
	year         = {2021},
	booktitle    = {{Proceedings of the IEEE/CVF International Conference on Computer Vision}},
	volume       = {},
	number       = {},
	pages        = {9813--9823},
	doi          = {10.1109/ICCV48922.2021.00967},
	publisher    = {IEEE Computer Society},
	address      = {Los Alamitos, CA, USA},
	location     = {Montreal, Canada}
}

@inproceedings{meszaros2024trajflow,
	title        = {{TrajFlow: Learning Distributions over Trajectories for Human Behavior Prediction}},
	author       = {M{\'e}sz{\'a}ros, Anna and Schumann, Julian F and Alonso-Mora, Javier and Zgonnikov, Arkady and Kober, Jens},
	year         = {2024},
	booktitle    = {{2024 IEEE Intelligent Vehicles Symposium (IV)}},
	volume       = {},
	number       = {},
	pages        = {184--191},
	doi          = { 10.1109/IV55156.2024.10588386},
	publisher    = {IEEE Computer Society},
	address      = {Los Alamitos, CA, USA},
	location     = {Jeju Island, Republic of Korea}
}

@inproceedings{scholler2021flomo,
	title        = {{Flomo: Tractable motion prediction with normalizing flows}},
	author       = {Sch{\"o}ller, Christoph and Knoll, Alois},
	year         = {2021},
	booktitle    = {{2021 IEEE/RSJ International Conference on Intelligent Robots and Systems (IROS)}},
	volume       = {},
	number       = {},
	pages        = {7977--7984},
	doi          = {10.1109/IROS51168.2021.9636445},
	publisher    = {IEEE Computer Society},
	address      = {Los Alamitos, CA, USA},
	location     = {Prague, Czech Republic}
}

@inproceedings{giuliari2020transformer,
	title        = {{Transformer networks for trajectory forecasting}},
	author       = {Giuliari, Francesco and Hasan, Irtiza and Cristani, Marco and Galasso, Fabio},
	year         = {2020},
	booktitle    = {{2020 25th International conference on pattern recognition (ICPR)}},
	volume       = {},
	number       = {},
	pages        = {10335--10342},
	doi          = {10.1109/ICPR48806.2021.9412190},
	publisher    = {IEEE Computer Society},
	address      = {Los Alamitos, CA, USA},
	location     = { Milan, Italy }
}


@inproceedings{gu2022stochastic,
	title        = {{Stochastic trajectory prediction via motion indeterminacy diffusion}},
	author       = {Gu, Tianpei and Chen, Guangyi and Li, Junlong and Lin, Chunze and Rao, Yongming and Zhou, Jie and Lu, Jiwen},
	year         = {2022},
	booktitle    = {{IEEE/CVF Conference on Computer Vision and Pattern Recognition}},
	volume       = {},
	number       = {},
	pages        = {17113--17122},
	doi          = {10.1109/CVPR52688.2022.01660},
	publisher    = {IEEE Computer Society},
	address      = {Los Alamitos, CA, USA},
	location     = {New Orleans, USA}
}

@inproceedings{tang2024hpnet,
	title        = {{Hpnet: Dynamic trajectory forecasting with historical prediction attention}},
	author       = {Tang, Xiaolong and Kan, Meina and Shan, Shiguang and Ji, Zhilong and Bai, Jinfeng and Chen, Xilin},
	year         = {2024},
	booktitle    = {{IEEE/CVF Conference on Computer Vision and Pattern Recognition}},
	volume       = {},
	number       = {},
	pages        = {15261--15270},
	doi          = {},
	publisher    = {IEEE Computer Society},
	address      = {Los Alamitos, CA, USA},
	location     = {Seattle, USA}
}

@inproceedings{stefani2024mapflow,
	title        = {{MapFlow: Multi-Agent Pedestrian Trajectory Prediction Using Normalizing Flow}},
	author       = {Stefani, Antonio Luigi and Bisagno, Niccol{\`o} and Conci, Nicola},
	year         = {2024},
	booktitle    = {{ICASSP 2024-2024 IEEE International Conference on Acoustics, Speech and Signal Processing (ICASSP)}},
	volume       = {},
	number       = {},
	pages        = {3295--3299},
	doi          = {},
	publisher    = {IEEE Computer Society},
	address      = {Los Alamitos, CA, USA},
	location     = {Seoul, Republic of Korea}
}

@inproceedings{gao2020vectornet,
	title        = {{Vectornet: Encoding hd maps and agent dynamics from vectorized representation}},
	author       = {Gao, Jiyang and Sun, Chen and Zhao, Hang and Shen, Yi and Anguelov, Dragomir and Li, Congcong and Schmid, Cordelia},
	year         = {2020},
	booktitle    = {{IEEE/CVF conference on computer vision and pattern recognition}},
	volume       = {},
	number       = {},
	pages        = {11525--11533},
	doi          = {10.1109/CVPR42600.2020.01154},
	publisher    = {IEEE Computer Society},
	address      = {Los Alamitos, CA, USA},
	location     = {Seattle, USA}
}

@article{zhang2024real,
	title        = {{Real-time motion prediction via heterogeneous polyline transformer with relative pose encoding}},
	author       = {Zhang, Zhejun and Liniger, Alexander and Sakaridis, Christos and Yu, Fisher and Gool, Luc V},
	year         = {2024},
	journal      = {Advances in Neural Information Processing Systems},
	volume       = {36},
	number       = {},
	pages        = {},
	doi          = {},
	publisher    = {},
	address      = {},
	location     = {}
}

@inproceedings{varadarajan2022multipath,
	title        = {{Multipath++: Efficient information fusion and trajectory aggregation for behavior prediction}},
	author       = {Varadarajan, Balakrishnan and Hefny, Ahmed and Srivastava, Avikalp and Refaat, Khaled S and Nayakanti, Nigamaa and Cornman, Andre and Chen, Kan and Douillard, Bertrand and Lam, Chi Pang and Anguelov, Dragomir and others},
	year         = {2022},
	booktitle    = {{2022 IEEE International Conference on Robotics and Automation (ICRA)}},
	volume       = {},
	number       = {},
	pages        = {7814--7821},
	doi          = {10.1109/ICRA46639.2022.9812107},
	publisher    = {IEEE Computer Society},
	address      = {Los Alamitos, CA, USA},
	location     = {Philadelphia, USA}
}

@inproceedings{nayakanti2023wayformer,
	title        = {{Wayformer: Motion forecasting via simple \& efficient attention networks}},
	author       = {Nayakanti, Nigamaa and Al-Rfou, Rami and Zhou, Aurick and Goel, Kratarth and Refaat, Khaled S and Sapp, Benjamin},
	year         = {2023},
	booktitle    = {{2023 IEEE International Conference on Robotics and Automation (ICRA)}},
	volume       = {},
	number       = {},
	pages        = {2980--2987},
	doi          = {10.1109/TPAMI.2024.3352811},
	publisher    = {IEEE Computer Society},
	address      = {Los Alamitos, CA, USA},
	location     = {London, UK}
}

@article{shi2022motion,
	title        = {{Motion transformer with global intention localization and local movement refinement}},
	author       = {Shi, Shaoshuai and Jiang, Li and Dai, Dengxin and Schiele, Bernt},
	year         = {2022},
	journal      = {Advances in Neural Information Processing Systems},
	volume       = {35},
	number       = {},
	pages        = {6531--6543},
	doi          = {},
	publisher    = {},
	address      = {},
	location     = {}
}

@article{shi2024mtr,
	title        = {{MTR++: Multi-Agent Motion Prediction With Symmetric Scene Modeling and Guided Intention Querying}},
	author       = {Shi, Shaoshuai and Jiang, Li and Dai, Dengxin and Schiele, Bernt},
	year         = {2024},
	journal      = {IEEE Transactions on Pattern Analysis and Machine Intelligence},
	volume       = {46},
	number       = {5},
	pages        = {3955-3971},
	doi          = {10.1109/TPAMI.2024.3352811},
	publisher    = {},
	address      = {},
	location     = {}
}

@article{cheng2023gatraj,
	title        = {{Gatraj: A graph-and attention-based multi-agent trajectory prediction model}},
	author       = {Cheng, Hao and Liu, Mengmeng and Chen, Lin and Broszio, Hellward and Sester, Monika and Yang, Michael Ying},
	year         = {2023},
	journal      = {ISPRS Journal of Photogrammetry and Remote Sensing},
	volume       = {205},
	number       = {},
	pages        = {163--175},
	doi          = {},
	publisher    = {Elsevier},
	address      = {},
	location     = {}
}

@inproceedings{aydemir2023adapt,
	title        = {{Adapt: Efficient multi-agent trajectory prediction with adaptation}},
	author       = {Aydemir, G{\"o}rkay and Akan, Adil Kaan and G{\"u}ney, Fatma},
	year         = {2023},
	booktitle    = {{Proceedings of the IEEE/CVF International Conference on Computer Vision}},
	volume       = {},
	number       = {},
	pages        = {8295--8305},
	doi          = {10.1109/ICCV51070.2023.00762},
	publisher    = {IEEE Computer Society},
	address      = {Los Alamitos, CA, USA},
	location     = {Paris, France}
}

@inproceedings{shi2023trajectory,
	title        = {{Trajectory unified transformer for pedestrian trajectory prediction}},
	author       = {Shi, Liushuai and Wang, Le and Zhou, Sanping and Hua, Gang},
	year         = {2023},
	booktitle    = {{Proceedings of the IEEE/CVF International Conference on Computer Vision}},
	volume       = {},
	number       = {},
	pages        = {9675--9684},
	doi          = {10.1109/ICCV51070.2023.00887},
	publisher    = {IEEE Computer Society},
	address      = {Los Alamitos, CA, USA},
	location     = {Paris, France}
}

@inproceedings{bae2023eigentrajectory,
	title        = {{Eigentrajectory: Low-rank descriptors for multi-modal trajectory forecasting}},
	author       = {Bae, Inhwan and Oh, Jean and Jeon, Hae-Gon},
	year         = {2023},
	booktitle    = {{Proceedings of the IEEE/CVF International Conference on Computer Vision}},
	volume       = {},
	number       = {},
	pages        = {10017--10029},
	doi          = {10.1109/ICCV51070.2023.00919},
	publisher    = {IEEE Computer Society},
	address      = {Los Alamitos, CA, USA},
	location     = {Paris, France}
}

@inproceedings{liang2020learning,
	title        = {{Learning lane graph representations for motion forecasting}},
	author       = {Liang, Ming and Yang, Bin and Hu, Rui and Chen, Yun and Liao, Renjie and Feng, Song and Urtasun, Raquel},
	year         = {2020},
	booktitle    = {{Computer Vision--ECCV 2020, Proceedings}},
	volume       = {},
	number       = {},
	pages        = {541--556},
	doi          = {10.1007/978-3-030-58536-5_32},
	publisher    = {Springer},
	address      = {},
	location     = {Glasgow, UK}
}

@inproceedings{xu2022socialvae,
	title        = {{Socialvae: Human trajectory prediction using timewise latents}},
	author       = {Xu, Pei and Hayet, Jean-Bernard and Karamouzas, Ioannis},
	year         = {2022},
	booktitle    = {{Computer Vision--ECCV 2022, Proceedings}},
	volume       = {},
	number       = {},
	pages        = {511--528},
	doi          = {10.1007/978-3-031-19772-7_30},
	publisher    = {Springer},
	address      = {},
	location     = {Tel Aviv, Israel}
}

@inproceedings{zhou2022hivt,
	title        = {{Hivt: Hierarchical vector transformer for multi-agent motion prediction}},
	author       = {Zhou, Zikang and Ye, Luyao and Wang, Jianping and Wu, Kui and Lu, Kejie},
	year         = {2022},
	booktitle    = {{IEEE/CVF Conference on Computer Vision and Pattern Recognition}},
	volume       = {},
	number       = {},
	pages        = {8823--8833},
	doi          = {10.1109/CVPR52688.2022.00862},
	publisher    = {IEEE Computer Society},
	address      = {Los Alamitos, CA, USA},
	location     = {New Orleans, USA}
}

@inproceedings{da2022path,
	title        = {{Path-aware graph attention for hd maps in motion prediction}},
	author       = {Da, Fang and Zhang, Yu},
	year         = {2022},
	booktitle    = {{2022 IEEE International Conference on Robotics and Automation (ICRA)}},
	volume       = {},
	number       = {},
	pages        = {6430--6436},
	doi          = {10.1109/ICRA46639.2022.9812100},
	publisher    = {IEEE Computer Society},
	address      = {Los Alamitos, CA, USA},
	location     = {Philadelphia, USA}
}

@inproceedings{wang2023fend,
	title        = {{Fend: A future enhanced distribution-aware contrastive learning framework for long-tail trajectory prediction}},
	author       = {Wang, Yuning and Zhang, Pu and Bai, Lei and Xue, Jianru},
	year         = {2023},
	booktitle    = {{IEEE/CVF Conference on Computer Vision and Pattern Recognition}},
	volume       = {},
	number       = {},
	pages        = {1400--1409},
	doi          = {10.1109/CVPR52729.2023.00141},
	publisher    = {IEEE Computer Society},
	address      = {Los Alamitos, CA, USA},
	location     = {Vancouver, Canada}
}

@inproceedings{wang2023prophnet,
	title        = {{Prophnet: Efficient agent-centric motion forecasting with anchor-informed proposals}},
	author       = {Wang, Xishun and Su, Tong and Da, Fang and Yang, Xiaodong},
	year         = {2023},
	booktitle    = {{IEEE/CVF Conference on Computer Vision and Pattern Recognition}},
	volume       = {},
	number       = {},
	pages        = {21995--22003},
	doi          = {10.1109/CVPR52729.2023.02106},
	publisher    = {IEEE Computer Society},
	address      = {Los Alamitos, CA, USA},
	location     = {Vancouver, Canada}
}


@inproceedings{mangalam2021goals,
	title        = {{From goals, waypoints \& paths to long term human trajectory forecasting}},
	author       = {Mangalam, Karttikeya and An, Yang and Girase, Harshayu and Malik, Jitendra},
	year         = {2021},
	booktitle    = {{Proceedings of the IEEE/CVF International Conference on Computer Vision}},
	volume       = {},
	number       = {},
	pages        = {15233--15242},
	doi          = {10.1109/ICCV48922.2021.01495},
	publisher    = {IEEE Computer Society},
	address      = {Los Alamitos, CA, USA},
	location     = {Montreal, Canada}
}
