@inproceedings{yi1998efficient,
    title        = {{Efficient retrieval of similar time sequences under time warping}},
    author       = {Byoung-Kee Yi and Jagadish, H.V. and Faloutsos, C.},
    year         = {1998},
    booktitle    = {{Proceedings 14th International Conference on Data Engineering}},
    volume       = {},
    number       = {},
    pages        = {201--208},
    doi          = {10.1109/ICDE.1998.655778}
}
@article{maier1978complexity,
    title        = {{The Complexity of Some Problems on Subsequences and Supersequences}},
    author       = {Maier, David},
    year         = {1978},
    month        = {apr},
    journal      = {J. ACM},
    publisher    = {Association for Computing Machinery},
    address      = {New York, NY, USA},
    volume       = {25},
    number       = {2},
    pages        = {322–336},
    doi          = {10.1145/322063.322075},
    issn         = {0004-5411},
    url          = {https://doi.org/10.1145/322063.322075},
    issue_date   = {April 1978},
    numpages     = {15}
}
@inproceedings{chen2005robust,
    title        = {{Robust and fast similarity search for moving object trajectories}},
    author       = {Chen, Lei and \"{O}zsu, M. Tamer and Oria, Vincent},
    year         = {2005},
    booktitle    = {{Proceedings of the 2005 ACM SIGMOD International Conference on Management of Data}},
    location     = {Baltimore, Maryland},
    publisher    = {Association for Computing Machinery},
    address      = {New York, NY, USA},
    series       = {SIGMOD '05},
    pages        = {491–502},
    doi          = {10.1145/1066157.1066213},
    isbn         = {1595930604},
    url          = {https://doi.org/10.1145/1066157.1066213},
    numpages     = {12}
}
@inproceedings{chen2004marriage,
    title        = {{On the marriage of lp-norms and edit distance}},
    author       = {Chen, Lei and Ng, Raymond},
    year         = {2004},
    booktitle    = {{Proceedings of the Thirtieth international conference on Very large data bases-Volume 30}},
    pages        = {792--803}
}
@article{huttenlocher1993comparing,
    title        = {{Comparing images using the Hausdorff distance}},
    author       = {Huttenlocher, D.P. and Klanderman, G.A. and Rucklidge, W.J.},
    year         = {1993},
    journal      = {IEEE Transactions on Pattern Analysis and Machine Intelligence},
    volume       = {15},
    number       = {9},
    pages        = {850--863},
    doi          = {10.1109/34.232073}
}
@inproceedings{jesorsky2001robust,
    title        = {{Robust Face Detection Using the Hausdorff Distance}},
    author       = {Jesorsky, Oliver and Kirchberg, Klaus J. and Frischholz, Robert W.},
    year         = {2001},
    booktitle    = {{Audio- and Video-Based Biometric Person Authentication}},
    publisher    = {Springer Berlin Heidelberg},
    address      = {Berlin, Heidelberg},
    pages        = {90--95},
    isbn         = {978-3-540-45344-4},
    editor       = {Bigun, Josef and Smeraldi, Fabrizio},
}
@article{belogay1997calculating,
    title        = {{Calculating the Hausdorff distance between curves}},
    author       = {Belogay, E and Cabrelli, C and Molter, U and Shonkwiler, R},
    year         = {1997},
    journal      = {Information Processing Letters},
    publisher    = {Elsevier BV},
    volume       = {64},
    number       = {1},
    pages        = {17--22}
}
@article{eiter1994computing,
    title        = {{Computing discrete Fr\'e}chet distance}},
    author       = {Eiter, Thomas and Mannila, Heikki},
    year         = {1994}
}
@inproceedings{ranu2015indexing,
    title        = {{Indexing and matching trajectories under inconsistent sampling rates}},
    author       = {Ranu, Sayan and Deepak P and Telang, Aditya D. and Deshpande, Prasad and Raghavan, Sriram},
    year         = {2015},
    booktitle    = {{2015 IEEE 31st International Conference on Data Engineering}},
    volume       = {},
    number       = {},
    pages        = {999--1010},
    doi          = {10.1109/ICDE.2015.7113351}
}
@inproceedings{pelekis2007similarity,
    title        = {{Similarity Search in Trajectory Databases}},
    author       = {Pelekis, Nikos and Kopanakis, Ioannis and Marketos, Gerasimos and Ntoutsi, Irene and Andrienko, Gennady and Theodoridis, Yannis},
    year         = {2007},
    booktitle    = {{14th International Symposium on Temporal Representation and Reasoning (TIME'07)}},
    volume       = {},
    number       = {},
    pages        = {129--140},
    doi          = {10.1109/TIME.2007.59}
}
@inproceedings{frentzos2006index,
    title        = {{Index-based Most Similar Trajectory Search}},
    author       = {Frentzos, Elias and Gratsias, Kostas and Theodoridis, Yannis},
    year         = {2007},
    booktitle    = {{2007 IEEE 23rd International Conference on Data Engineering}},
    volume       = {},
    number       = {},
    pages        = {816--825},
    doi          = {10.1109/ICDE.2007.367927}
}
@inproceedings{lin2005shapes,
    title        = {{Shapes based trajectory queries for moving objects}},
    author       = {Lin, Bin and Su, Jianwen},
    year         = {2005},
    booktitle    = {{Proceedings of the 13th Annual ACM International Workshop on Geographic Information Systems}},
    location     = {Bremen, Germany},
    publisher    = {Association for Computing Machinery},
    address      = {New York, NY, USA},
    series       = {GIS '05},
    pages        = {21–30},
    doi          = {10.1145/1097064.1097069},
    isbn         = {1595931465},
    url          = {https://doi.org/10.1145/1097064.1097069},
    numpages     = {10},
}
@article{sankoff1983time,
    title        = {{Time warps, string edits, and macromolecules: the theory and practice of sequence comparison}},
    author       = {Sankoff, David and Kruskal, Joseph B},
    year         = {1983},
    journal      = {Reading: Addison-Wesley Publication}
}
