@article{hashimoto2022stl2vec,
	title        = {{STL2vec: Signal Temporal Logic Embeddings for Control Synthesis With Recurrent Neural Networks}},
	author       = {Hashimoto, Wataru and Hashimoto, Kazumune and Takai, Shigemasa},
	year         = {2022},
	journal      = {IEEE Robotics and Automation Letters},
	volume       = {7},
	number       = {2},
	pages        = {5246--5253},
	doi          = {10.1109/LRA.2022.3155197}
}

@article{losey2022learning,
	title        = {{Learning latent actions to control assistive robots}},
	author       = {Losey, Dylan P and Jeon, Hong Jun and Li, Mengxi and Srinivasan, Krishnan and Mandlekar, Ajay and Garg, Animesh and Bohg, Jeannette and Sadigh, Dorsa},
	year         = {2022},
	journal      = {Autonomous robots},
	publisher    = {Springer},
	volume       = {46},
	number       = {1},
	pages        = {115--147}
}

@inproceedings{bobu2023sirl,
	title        = {{SIRL: Similarity-Based Implicit Representation Learning}},
	author       = {Bobu, Andreea and Liu, Yi and Shah, Rohin and Brown, Daniel S. and Dragan, Anca D.},
	year         = {2023},
	booktitle    = {{Proceedings of the 2023 ACM/IEEE International Conference on Human-Robot Interaction}},
	location     = {Stockholm, Sweden},
	publisher    = {Association for Computing Machinery},
	address      = {New York, NY, USA},
	series       = {HRI '23},
	pages        = {565â€“574},
	doi          = {10.1145/3568162.3576989},
	isbn         = {9781450399647},
	url          = {https://doi.org/10.1145/3568162.3576989},
	numpages     = {10},
}

@inproceedings{tominaga1991solving,
	title        = {{Solving the moving obstacle path planning problem using embedded variational methods}},
	author       = {H. Tominaga and B. Bavarian},
	year         = {1991},
	month        = {apr},
	booktitle    = {{Proceedings. 1991 IEEE International Conference on Robotics and Automation}},
	publisher    = {IEEE Computer Society},
	address      = {Los Alamitos, CA, USA},
	volume       = {},
	pages        = {450,451,452,453,454,455},
	doi          = {10.1109/ROBOT.1991.131619},
	issn         = {},
	url          = {https://doi.ieeecomputersociety.org/10.1109/ROBOT.1991.131619},
}

@inproceedings{ninomiya2021use,
	title        = {{Use of Embedding Spaces for Transferring Robot Skills in Diverse Sensor Settings}},
	author       = {Ninomiya, Kazushi and Hirokawa, Masakazu and Suzuki, Kenji},
	year         = {2021},
	booktitle    = {{2021 20th IEEE International Conference on Machine Learning and Applications (ICMLA)}},
	volume       = {},
	number       = {},
	pages        = {547--551},
	doi          = {10.1109/ICMLA52953.2021.00091}
}

@inproceedings{losey2020controlling,
	title        = {{Controlling Assistive Robots with Learned Latent Actions}},
	author       = {Losey, Dylan P. and Srinivasan, Krishnan and Mandlekar, Ajay and Garg, Animesh and Sadigh, Dorsa},
	year         = {2020},
	booktitle    = {{2020 IEEE International Conference on Robotics and Automation (ICRA)}},
	volume       = {},
	number       = {},
	pages        = {378--384},
	doi          = {10.1109/ICRA40945.2020.9197197}
}

@misc{sung2016robobarista,
	title        = {{Robobarista: Learning to Manipulate Novel Objects via Deep Multimodal Embedding}},
	author       = {Jaeyong Sung and Seok Hyun Jin and Ian Lenz and Ashutosh Saxena},
	year         = {2016},
	eprint       = {1601.02705},
	archiveprefix = {arXiv},
	primaryclass = {cs.RO}
}

@article{huang2020diversitygan,
	title        = {{DiversityGAN: Diversity-Aware Vehicle Motion Prediction via Latent Semantic Sampling}},
	author       = {Huang, Xin and McGill, Stephen G. and DeCastro, Jonathan A. and Fletcher, Luke and Leonard, John J. and Williams, Brian C. and Rosman, Guy},
	year         = {2020},
	journal      = {IEEE Robotics and Automation Letters},
	volume       = {5},
	number       = {4},
	pages        = {5089--5096},
	doi          = {10.1109/LRA.2020.3005369}
}

@inproceedings{miao2022promoting,
	title        = {{Promoting Quality and Diversity in Population-based Reinforcement Learning via Hierarchical Trajectory Space Exploration}},
	author       = {Miao, Jiayu and Zhou, Tianze and Shao, Kun and Zhou, Ming and Zhang, Weinan and Hao, Jianye and Yu, Yong and Wang, Jun},
	year         = {2022},
	booktitle    = {{2022 International Conference on Robotics and Automation (ICRA)}},
	volume       = {},
	number       = {},
	pages        = {7544--7550},
	doi          = {10.1109/ICRA46639.2022.9811888}
}





