@inproceedings{sun20183dof,
	title        = {{3DOF Pedestrian Trajectory Prediction Learned from Long-Term Autonomous Mobile Robot Deployment Data}},
	author       = {Sun, Li and Yan, Zhi and Mellado, Sergi Molina and Hanheide, Marc and Duckett, Tom},
	year         = {2018},
	booktitle    = {{2018 IEEE International Conference on Robotics and Automation (ICRA)}},
	volume       = {},
	number       = {},
	pages        = {5942--5948},
	doi          = {10.1109/ICRA.2018.8461228}
}

@inproceedings{syed2020cnn,
	title        = {{CNN, Segmentation or Semantic Embeddings: Evaluating Scene Context for Trajectory Prediction}},
	author       = {Syed, Arsal and Morris, Brendan Tran},
	year         = {2020},
	booktitle    = {{Advances in Visual Computing}},
	publisher    = {Springer International Publishing},
	address      = {Cham},
	pages        = {706--717},
	doi	     = {10.1007/978-3-030-64559-5_56},
	isbn         = {978-3-030-64559-5},
	editor       = {Bebis, George and Yin, Zhaozheng and Kim, Edward and Bender, Jan and Subr, Kartic and Kwon, Bum Chul and Zhao, Jian and Kalkofen, Denis and Baciu, George},
}

@inproceedings{deo2018convolutional,
	title        = {{Convolutional Social Pooling for Vehicle Trajectory Prediction}},
	author       = {Deo, Nachiket and Trivedi, Mohan M.},
	year         = {2018},
	doi = 		{10.1109/CVPRW.2018.00196},
	month        = {June},
	booktitle    = {{Proceedings of the IEEE Conference on Computer Vision and Pattern Recognition (CVPR) Workshops}}
}