@inproceedings{robicquet2016learning,
	title        = {{Learning Social Etiquette: Human Trajectory Understanding In Crowded Scenes}},
	author       = {Robicquet, Alexandre and Sadeghian, Amir and Alahi, Alexandre and Savarese, Silvio},
	year         = {2016},
	booktitle    = {{Computer Vision -- ECCV 2016}},
	publisher    = {Springer International Publishing},
	address      = {Cham},
	doi	     = {10.1007/978-3-319-46484-8_33},
	pages        = {549--565},
	isbn         = {978-3-319-46484-8},
	editor       = {Leibe, Bastian and Matas, Jiri and Sebe, Nicu and Welling, Max},
}
